1721 2727
773 169 1011 205 -18—

290 271 552 317 gubernaverit,
579 273 877 316 commemoretur,
904 272 993 309 nihil
1017 273 1181 318 obstabit,
1208 275 1388 321 quominus
1412 276 1492 312 huic

290 329 440 376 tempori
458 330 771 366 Theatbertum
788 329 963 366 Liviani
980 331 1150 368 codicis
1168 333 1491 379 subcriptorem

293 387 546 430 adscribamus,
584 388 789 432 praesertim
828 397 907 422 cum
932 389 1001 423 alia
1025 388 1061 423 in
1086 389 1175 424 hane
1200 391 1410 426 sententiam
1436 390 1489 426 fa-

291 443 383 481 ciant
407 446 624 491 argumenta.

121 509 265 532 Thiatbraht
404 502 517 547 Atque
543 503 649 537 verba
665 502 844 537 theatberti
867 494 925 547 ᾧ
950 502 1144 538 dedorostat
1175 503 1303 549 scripta
1329 514 1402 540 esse
1428 493 1490 540 lit-

131 538 256 593 ffissfx'yssi‘
292 559 375 595 teris
402 559 532 594 saeculi
558 559 648 595 VIII
672 560 764 595 inter
789 570 906 596 omnes
923 560 1075 602 constat3
1101 571 1128 595 s.
1148 560 1354 606 Gregorium
1372 564 1490 598 autem

114 594 275 650 ξξῗῗὲἓιῗῖιῗδ
290 617 443 661 primum
469 616 665 652 Dorostadii
696 617 843 652 doctoris
871 617 1029 653 ecclesiae
1060 617 1218 653 functum
1250 628 1323 654 esse
1347 629 1490 654 munere

291 685 330 710 ex
379 673 494 710 verbis
544 674 671 710 adlatis
712 684 789 710 cum
838 684 967 720 magna
1002 675 1251 721 probabilitate
1292 675 1489 721 conligitur.

291 732 391 767 Unde
418 733 525 776 patet,
553 731 805 767 Theatbertum
830 734 908 777 post
933 743 960 767 s.
982 732 1188 778 Gregorium
1214 733 1354 768 demum
1380 733 1489 768 eccle-

291 788 382 824 siam
398 788 703 825 Dorostadiensem
729 789 1001 825 administrasse.
1029 789 1162 826 Deinde
1185 791 1276 835 apud
1295 789 1489 825 Altfridum

290 847 325 881 in
352 846 424 881 vita
450 857 476 880 s.
503 846 661 890 Liutgeri
673 845 699 891 ¹)
726 848 1016 882 commemoratur
1046 847 1226 892 presbyter
1250 847 1409 893 quidam,
1435 847 1489 881 cui

290 902 507 939 Thiatbraht
556 902 627 949 (vel
669 901 859 937 secundum
902 903 1048 938 alteram
1089 903 1201 938 vitam
1242 903 1488 949 Thiadbertus)
1544 938 1547 941 ,

289 970 414 996 nomen
440 962 530 1003 erat3
557 959 616 1005 qui
643 962 676 995 et
702 959 858 1005 aequalis
883 959 920 996 b.
937 960 1071 996 Albrici
1096 971 1206 1006 neque
1231 961 1376 1005 simplex
1393 970 1488 1005 pres-

288 1018 388 1062 byter
414 1019 499 1060 erat,
525 1017 584 1052 sed
610 1017 819 1052 constitutus
844 1028 914 1052 una
938 1027 1017 1052 cum
1034 1028 1060 1052 s.
1075 1007 1243 1064 ‘Liutgero
1261 1018 1297 1054 et
1313 1017 1488 1063 Adalgero

292 1073 494 1119 presbytero
526 1084 547 1108 a
570 1072 605 1107 b.
634 1073 775 1108 Albrico
806 1073 1029 1117 praepositus
1066 1073 1264 1109 monasterii
1301 1073 1487 1109 Traiectini

290 1131 326 1164 in
353 1132 516 1174 quartam
541 1130 622 1166 anni
647 1130 799 1175 fpartem.
851 1130 901 1165 Ex
927 1140 976 1172 eo,
1001 1130 1091 1175 quod
1115 1141 1135 1165 a
1160 1130 1194 1166 b.
1221 1130 1363 1166 Albrico
1388 1142 1488 1177 prae-

289 1188 422 1232 positus
448 1188 502 1221 est
527 1186 736 1221 Thiatbraht
761 1187 826 1221 iste
851 1188 1070 1229 monasterio,
1089 1187 1309 1232 praeeipuam
1335 1188 1407 1223 eius
1433 1197 1488 1222 se-

290 1244 408 1289 quitur
433 1243 542 1278 fuisse
567 1242 777 1289 dignitatem
799 1245 1060 1288 ceterorumque
1085 1245 1364 1289 presbyterorum
1388 1255 1486 1290 prae·

291 1301 511 1342 stantiorem;
549 1311 651 1345 quem
677 1311 756 1335 cum
782 1300 972 1336 exercuisse
997 1302 1198 1337 monasterii
1228 1302 1388 1347 regimen
1421 1303 1487 1338 nisi

290 1357 404 1393 hieme
430 1367 499 1392 non
523 1358 692 1403 legamus,
720 1367 832 1392 nonne
859 1368 897 1392 ex
923 1367 962 1392 eo
987 1360 1079 1393 recte
1104 1358 1187 1393 licet
1211 1358 1420 1401 ratiocinari,
1447 1360 1486 1393 ut

288 1426 315 1450 s.
342 1415 548 1460 Liutgerum
573 1413 772 1454 Ostrachae,
799 1413 850 1448 ita
873 1414 1125 1450 Thiadbertum
1144 1414 1212 1450 alio
1241 1416 1389 1460 quodam
1413 1415 1486 1451 loco

288 1472 516 1506 constitutum
553 1471 660 1506 fuisse
697 1471 856 1505 ecclesiae
892 1470 1059 1505 doctorem
1096 1482 1156 1515 per
1196 1472 1368 1516 reliquum
1402 1471 1486 1506 anni

285 1533 448 1575 tempus?
499 1527 585 1564 Cum
626 1538 702 1564 vero
742 1527 937 1564 Dorostadii
975 1527 1081 1563 fuisse
1119 1528 1299 1564 ecclesiam
1337 1529 1484 1564 sciamus

286 1597 395 1632 neque
422 1587 512 1622 alius
538 1598 565 1621 s.
585 1585 743 1631 Gregorii
768 1585 806 1620 in
831 1586 949 1621 eadem
975 1585 1119 1621 ecclesia
1143 1586 1366 1632 gubernanda
1391 1596 1485 1621 com-

285 1646 496 1679 memoretur
514 1653 688 1679 successor
706 1653 851 1688 cumque
869 1642 1104 1678 invenerimus
1122 1642 1370 1679 Thiadbertum
1387 1652 1485 1687 pres-

284 1702 446 1748 byterum
470 1703 626 1747 tempore
658 1711 685 1736 s.
713 1699 849 1736 Albrioi
880 1700 1086 1736 auctoritate
1117 1710 1185 1736 non
1219 1700 1384 1737 mediocri
1409 1700 1485 1746 pol-

283 1760 433 1803 lentem,
472 1769 531 1794 cur
562 1760 655 1794 hunc
687 1759 837 1794 eundum
864 1769 937 1794 esse
961 1760 1065 1804 atque
1090 1759 1215 1794 codicis
1240 1758 1377 1795 Liviani
1403 1758 1484 1794 sub-

283 1816 487 1862 scriptorem
507 1818 695 1864 negemus?
722 1838 765 1843 —
792 1816 919 1860 Quodsi
937 1817 1030 1851 huno
1055 1816 1344 1851 Thiatbracht
1362 1827 1484 1860 pres-

403 1913 428 1949 ¹)
449 1912 495 1942 Cf.
515 1911 681 1941 Altfridum
711 1911 741 1939 in
774 1910 854 1939 vitae
884 1921 908 1941 s.
929 1911 1067 1948 Liutgeri
1093 1920 1117 1940 c.
1140 1913 1190 1940 15:
1216 1911 1360 1940 Albricus
1383 1913 1485 1939 autem

284 1969 352 1990 cum
381 1961 417 1990 in
447 1960 576 1990 Colonia
605 1960 726 1989 civitate
752 1958 884 1997 yradum
913 1959 1075 1996 accepisset
1102 1959 1320 1996 episcopalem,
1352 1959 1426 1996 feeit
1456 1961 1485 1988 et

286 2009 469 2046 Isiatyerum
494 2016 594 2037 secum
614 2007 805 2044 presbyterii
828 2007 985 2043 percipere
1014 2006 1146 2044 yradum
1172 2010 1200 2036 et
1230 2007 1389 2036 constituit
1417 2015 1485 2035 eum

284 2056 436 2085 doctorem
455 2055 596 2084 ecelesiae
615 2055 651 2083 in
666 2062 747 2091 paqo
771 2053 934 2083 Ostrachae
954 2054 988 2082 in
1008 2054 1084 2088 loco,
1114 2053 1167 2082 ubi
1191 2062 1215 2082 s.
1237 2053 1421 2089 Bonifaeius
1441 2058 1485 2084 est

285 2106 450 2134 coronatus
472 2102 629 2142 martyrio.
670 2101 841 2138 Divisitque
867 2100 945 2130 idem
966 2100 1111 2130 Albricus
1137 2110 1255 2130 armum
1279 2101 1314 2131 in
1339 2100 1485 2131 distribu-

285 2153 383 2182 tiones
402 2154 562 2189 quattuor,
593 2151 639 2180 ita
664 2153 699 2179 ut
724 2149 759 2178 in
781 2149 918 2177 Traiecto
937 2149 1120 2178 monasterio
1150 2158 1230 2186 prae
1256 2149 1364 2178 ceteris
1390 2158 1484 2186 prae-

280 2200 393 2239 positis
411 2200 477 2238 ipse
496 2199 532 2229 in
557 2202 689 2237 tempore
708 2197 835 2234 vernali,
853 2197 888 2226 in
907 2196 1065 2226 doctrinae
1090 2197 1193 2227 studio
1219 2200 1248 2227 et
1271 2200 1395 2227 sanctae
1415 2207 1484 2228 con-

285 2249 465 2279 versationis
491 2250 645 2285 praeesset
673 2245 825 2282 fratribus
853 2254 970 2274 menses
995 2248 1066 2274 tres.
1106 2245 1229 2275 Deinde
1251 2248 1323 2282 post
1353 2254 1420 2275 eum
1448 2246 1484 2276 in

283 2299 397 2326 aestate
407 2295 544 2334 Adalqer
559 2294 720 2332 presbyter
740 2293 775 2322 irt
795 2293 858 2322 vice
877 2300 932 2321 sua
951 2300 1067 2321 menses
1087 2295 1157 2322 tres.
1179 2292 1303 2322 Deinde
1316 2296 1387 2331 post
1400 2294 1484 2324 hune

282 2345 448 2382 Liutyerus
466 2343 625 2381 presbyter
643 2349 760 2371 menses
780 2343 857 2375 tres;
887 2339 997 2369 deinde
1023 2340 1063 2369 in
1087 2340 1206 2370 hieme
1229 2341 1485 2375 Thiatbracht

279 2392 485 2430 presbyter
505 2399 648 2421 menses
668 2392 753 2419 tres.
