1721 2727
706 143 966 179 —121—

242 257 347 291 quare
373 249 542 291 expuncta
567 247 726 283 litterula
749 249 782 283 A
806 250 1023 294 repetitaque
1058 259 1206 284 consona
1231 250 1262 285 R
1291 249 1432 294 scripsit

242 302 481 340 RELICUUM
505 314 593 341 novo
619 315 730 341 errore
755 305 837 349 (UU
862 315 924 351 pro
951 306 997 354 U)
1010 305 1036 352 ¹)
1062 306 1256 342 commisso.

320 353 324 358 ”
357 360 538 407 Scriptura
564 363 688 397 codicis
714 363 769 398 hic
796 364 961 399 restituta
978 364 1085 399 etiam
1100 365 1138 399 in
1155 364 1310 408 proxima
1327 365 1430 398 verba

245 418 437 454 accuratius
479 418 695 465 inquiramus
739 421 883 466 oportet.
950 420 1120 466 Equidem
1169 418 1433 456 TEMPUSEA-

243 475 477 512 AESTATIS
503 478 593 522 quod
618 477 654 512 in
681 477 795 513 codiee
813 478 941 523 legitur
962 479 1078 514 ortum
1096 479 1294 523 putaverim
1312 489 1352 513 ex
1369 478 1432 513 hac

244 533 422 580 archetypi
435 534 621 580 scriptura:
640 534 962 572 TENDESTATIS
973 535 1208 571 =TEND⁰¹E
1225 535 1383 571 STAiuis
1396 535 1435 581 ⁹).

245 590 408 636 Quisquis
435 591 637 636 compendia
662 592 748 627 haec
773 592 869 627 nullo
895 596 1163 637 praeoccupatus
1188 594 1276 628 alius
1300 593 1435 628 coniec-

245 650 343 682 turae
357 648 472 683 studio
486 649 762 690 consideraverit,
772 648 843 683 fere
851 649 925 684 fieri
935 659 1004 684 non
1011 649 1162 694 potuisse
1174 651 1345 692 concedet,
1356 650 1438 694 quin

245 697 419 748 librarius,
434 705 493 750 qui
518 706 588 741 iam
614 716 674 750 per
700 715 848 740 errorem
874 705 1062 752 scripserat
1086 705 1314 741 extrahere
1338 706 1439 742 reli-

247 773 362 805 cum,
401 763 608 807 scripturam
633 763 814 808 archetypi
839 774 907 798 non
933 764 1232 808 compendiosam,
1270 764 1331 799 sed
1363 774 1438 799 cor-

247 820 387 863 ruptam
413 829 485 861 esse
510 821 607 854 ratus
633 820 710 855 inde
735 819 864 855 faceret
889 822 1001 864 temp
1011 831 1058 855 as
1090 821 1278 855 aestatis
1311 820 1439 866 (TEM-

246 875 585 920 PUSAESTATIS).
635 878 684 912 At
722 878 811 912 unde
849 877 936 912 illud
974 878 1035 912 EA
1073 879 1153 912 ante
1187 877 1440 913 AESTATIS?

248 932 337 968 Sunt
362 932 425 968 hae
450 933 589 968 litterae
614 932 742 978 absque
769 933 871 969 dubio
896 934 1068 979 glossema
1093 933 1129 969 in
1147 933 1303 980 margine
1322 935 1440 969 arche-

249 989 323 1034 typi
365 990 576 1033 adscriptum
618 1001 638 1024 a
680 991 836 1034 quodam,
880 990 939 1034 qui
981 1001 1019 1025 eo
1061 990 1212 1034 perlecto
1238 992 1333 1036 ,alibi
1375 1001 1442 1025 non

248 1045 516 1088 HERA01EUM,
554 1047 615 1081 sed
652 1045 941 1082 HERAGLEAM
980 1046 1049 1092 (vel
1079 1046 1348 1092 HERA⁰¹EAM)
1386 1048 1441 1082 in·

249 1103 358 1139 veniri
390 1104 644 1139 recordabatur.
697 1102 733 1139 Si
766 1104 984 1139 subtiliorem
1020 1105 1250 1140 coniecturam
1288 1104 1440 1148 proferre

248 1160 340 1200 licet,
366 1169 477 1194 nonne
512 1170 553 1194 ea
577 1159 654 1204 ipsa
686 1161 857 1204 scriptura
882 1160 946 1194 hoc
988 1160 1167 1205 archetypi
1193 1160 1267 1194 loco
1292 1161 1441 1205 genuina

251 1216 483 1301 HERiIiEUM
508 1276 568 1310 pro
593 1266 704 1301 forma
728 1217 959 1301 HssssilfiAM
985 1276 1092 1309 prava
1115 1265 1178 1300 illa
1203 1266 1354 1310 quidem,
1382 1266 1442 1301 sed

250 1332 354 1367 quam
380 1322 459 1358 aliis
485 1322 567 1357 locis
599 1322 707 1357 etiam
732 1322 1006 1357 Vindobonensis
1045 1321 1198 1364 exhibet,
1238 1322 1442 1358 confirmare

254 1390 402 1414 errorem
427 1379 564 1415 librarii
588 1380 714 1423 potuit,
729 1389 793 1424 quo
819 1379 962 1414 verbum
979 1378 1248 1414 EXTRAHER·
1271 1379 1444 1415 finxerat?

249 1437 434 1471 Praeterea
450 1436 661 1481 comprobari
686 1437 846 1472 videntur
871 1446 958 1480 quae
982 1445 1087 1480 supra
1111 1435 1153 1470 de
1176 1436 1444 1472 correctionibus

250 1495 328 1537 post
358 1495 447 1538 ipsas
471 1504 594 1539 pravas
620 1493 880 1530 terminationes
906 1494 1053 1528 insertas
1085 1492 1322 1537 exposuimus,
1366 1503 1445 1528 cum

250 1551 386 1586 litterae
412 1550 488 1593 EA,
516 1550 638 1595 quippe
664 1560 749 1595 quae
775 1560 842 1585 non
872 1549 1054 1591 correctio,
1089 1551 1147 1585 sed
1166 1549 1338 1595 glossema
1362 1550 1444 1594 sint,

251 1618 320 1643 non
331 1609 409 1654 post
426 1608 540 1653 ipsum
553 1607 803 1651 RELICUUM,
822 1608 882 1643 sed
895 1608 961 1643 alio
975 1617 1113 1653 prorsus
1127 1607 1200 1642 loco
1214 1607 1443 1653 inveniantur,

253 1668 342 1702 unde
368 1677 425 1701 eas
450 1668 485 1701 in
510 1666 666 1711 margine
683 1665 848 1711 adpictas,
867 1675 934 1700 non
952 1666 987 1700 in
1005 1665 1078 1709 ipsa
1095 1674 1176 1700 voce
1196 1664 1443 1708 suprascriptas

252 1723 358 1758 fuisse
383 1722 571 1758 verisimile
595 1723 646 1758 fit.

367 1790 469 1825 Cuius
505 1790 751 1826 emendationis
777 1801 796 1825 a
821 1800 875 1824 me
900 1788 1095 1834 propositae
1119 1787 1341 1833 probabilitas
1367 1787 1445 1822 inde

256 1858 387 1893 quoque
405 1848 571 1883 adcrescit
598 1850 701 1893 atque
727 1850 883 1893 augetur,
907 1847 995 1892 quod
1021 1846 1164 1881 verbum
1197 1843 1332 1879 tendere
1349 1843 1446 1879 Livio

255 1915 322 1941 non
359 1905 569 1941 inusitatum
611 1908 674 1940 est.
727 1904 777 1941 cf.
818 1904 970 1947 XLIIII,
1017 1903 1077 1945 13,
1127 1902 1171 1937 12
1221 1901 1263 1938 Si
1310 1901 1448 1936 Valerio

255 1963 400 1998 Antiati
430 1962 566 2004 credas,
606 1973 666 1997 nec
699 1964 807 1997 classe
839 1961 1002 1996 adiutum
1027 1959 1070 1994 ab
1094 1969 1130 1993 eo
1156 1958 1194 2004 (i.
1222 1969 1248 1994 e.
1276 1958 1446 2004 Eumene)

251 2025 445 2064 praetorem
476 2031 561 2062 esse,
598 2031 675 2055 eum
707 2030 807 2063 saepe
832 2030 908 2053 eum
934 2017 1059 2053 litteris
1085 2015 1300 2058 accersisset,
1325 2016 1448 2058 tradit,

255 2087 315 2110 nec
339 2087 416 2111 cum
440 2077 559 2120 qratia
583 2076 626 2110 ab
651 2076 790 2110 consule
810 2076 1003 2119 profectum
1029 2074 1069 2107 in
1094 2073 1242 2117 Asiam,
1276 2073 1449 2117 iridiyria-

372 2211 393 2246 ¹)
416 2209 553 2238 Fortasse
572 2212 702 2236 mentem
732 2208 793 2236 eius
822 2206 1005 2245 perturbavit
1033 2205 1180 2242 scriptura
1207 2204 1267 2242 ipsi
1296 2204 1360 2233 visa
1390 2213 1450 2233 rec-

258 2257 318 2287 tior
339 2255 556 2293 RELIQUUM.

372 2316 395 2352 ²)
417 2315 462 2345 Cf.
483 2314 615 2352 exempla
634 2322 721 2351 supra
742 2313 856 2341 adlata:
877 2310 1081 2341 TENDESET
1095 2312 1194 2340 ortum
1208 2318 1242 2339 ex
1255 2308 1450 2342 TEND⁸=E'1;

256 2362 399 2392 CfflITAS.
