1721 2727
700 174 740 179 -
793 153 932 188 39-—

216 256 357 293 tabulae
398 258 432 292 et
473 255 756 301 quaternionibus
798 256 853 291 III
896 256 947 291 XI
988 255 1123 291 XXXII
1174 258 1205 289 et
1251 257 1410 298 ternione

215 313 371 349 XXXIII
395 313 468 349 iam
493 316 569 349 tum
593 313 677 349 folia
701 313 934 358 quaternionis
950 311 1086 348 XXVII
1102 312 1218 347 media
1241 322 1309 347 non
1334 323 1407 348 am-

213 370 305 416 plius
331 371 502 406 exstitisse
526 372 643 416 pateat
651 383 661 417 ;
687 370 926 406 desiderantur
951 369 1043 405 enim
1069 369 1106 404 in
1131 368 1212 405 folio
1235 369 1318 404 141v
1347 370 1407 405 lit-

213 428 346 463 terulae
371 428 473 469 solito
498 429 597 463 modo
628 427 805 473 repetitae.
856 426 967 470 Quam
999 426 1235 472 quaestionem
1273 429 1313 462 ut
1350 437 1407 462 ex-

214 485 409 532 pediamus,
452 485 685 521 necessarium
722 485 793 526 est,
838 486 877 519 ut
918 487 953 519 et
995 484 1031 519 in
1072 484 1275 519 memoriam
1309 484 1406 519 nobis

214 552 428 585 revocemus,
455 542 597 586 quinam
623 541 859 585 quaternionis
877 541 1015 576 XXVII
1039 543 1150 589 status
1176 551 1215 576 eo
1241 543 1406 585 tempore,

213 608 279 645 quo
309 598 447 634 litterae
475 598 583 642 ,al—Q
614 598 806 643 adscriptae
841 599 940 641 sunt,
978 597 1083 633 fuerit
1115 599 1150 632 et
1175 597 1254 642 quid
1283 608 1323 632 ex
1347 607 1405 632 co-

214 655 409 691 haerentiae
433 655 541 700 signis
566 654 774 699 quibusdam
799 654 1033 699 quaternionis
1062 654 1201 689 XXIIII
1226 654 1317 690 foliis
1343 655 1405 690 ad-

212 713 347 759 scriptis
373 712 617 757 conligendum
642 712 699 755 sit,
725 711 950 756 inquiramus.
985 712 1101 756 Atque
1118 712 1154 746 in
1172 721 1239 746 uno
1265 713 1404 756 quater-

211 771 312 807 nione
336 770 476 806 XXIIII
501 771 567 806 duo
592 770 731 805 tantum
756 768 840 805 folia
863 768 972 815 partis
996 769 1119 815 prioris
1150 770 1184 804 et
1218 779 1304 814 quae
1334 767 1404 804 illis

211 828 417 872 respondent
442 827 508 861 duo
533 826 643 870 partis
669 826 866 870 posterioris

210 1193 353 1237 syllabis
397 1194 471 1228 loco
514 1194 615 1228 solito
659 1193 814 1237 repetitis
858 1194 1122 1239 coniunguntur.
1182 1192 1224 1227 Id
1266 1193 1404 1237 quidem

210 1260 276 1285 non
303 1260 379 1285 eam
405 1251 447 1285 ob
480 1260 554 1284 rem
586 1250 718 1285 factum
752 1259 842 1291 esse,
880 1250 969 1294 quod
1007 1249 1168 1284 foliorum
1205 1249 1310 1283 2—7
1348 1250 1403 1284 vel

209 1308 327 1344 3—6
369 1317 551 1354 compages
593 1310 682 1343 esset
723 1307 908 1350 dissoluta,
957 1302 1060 1343 facile
1100 1305 1238 1352 probari
1278 1307 1402 1352 potest.

209 1366 301 1401 Nam
338 1375 416 1400 cum
446 1375 515 1400 non
551 1368 674 1410 agatur
711 1366 752 1400 de
783 1365 874 1400 foliis
907 1364 1131 1400 exterioribus
1168 1366 1185 1399 1
1203 1365 1300 1407 -8,
1342 1365 1403 1400 sed

188 1421 250 1461 ¹de
284 1420 526 1464 interioribus,
564 1431 623 1467 pro
661 1421 830 1468 singulari
863 1430 951 1466 quae
987 1422 1023 1456 in
1057 1424 1149 1457 recte
1181 1421 1403 1467 disponendis

209 1479 471 1523 quaternionum
497 1478 588 1513 foliis
615 1478 772 1514 adhibita
796 1480 849 1513 est
874 1478 1056 1524 diligentia
1084 1479 1229 1514 dubium
1252 1489 1319 1515 non
1338 1482 1401 1523 est,

208 1534 290 1580 quin
316 1535 475 1570 futurum
499 1534 614 1577 fuerit,
641 1536 681 1570 ut
706 1537 741 1570 et
768 1545 847 1569 cum
872 1536 920 1570 eis
939 1546 1025 1580 quae
1042 1537 1252 1580 praecedunt
1269 1538 1305 1571 et
1322 1546 1402 1571 cum

209 1593 258 1628 eis
293 1603 380 1638 quae
418 1594 580 1628 secuntur
619 1592 709 1628 foliis
748 1592 833 1628 folia
869 1593 938 1629 ista
980 1603 1069 1640 vaga
1106 1595 1400 1630 connecterentur.

209 1650 322 1693 Quare
347 1650 458 1684 multo
485 1650 707 1684 verisimilius
726 1651 863 1685 videtur
880 1660 921 1685 ea
938 1651 1121 1692 sententia,
1140 1662 1207 1695 qua
1219 1651 1402 1685 disiectum

209 1717 288 1742 eum
313 1706 574 1752 quaternionem
598 1706 634 1742 in
659 1708 743 1742 duas
768 1708 884 1752 partes
918 1707 1023 1742 fuisse
1056 1707 1276 1749 arbitramur,
1315 1718 1401 1752 qua-

207 1774 285 1798 rum
310 1764 418 1798 altera
444 1773 548 1808 eaque
580 1764 723 1799 interior
755 1765 873 1809 postea
905 1764 992 1799 forte
1024 1764 1162 1799 fortuna
1195 1775 1273 1800 cum
1300 1767 1400 1810 quat·

208 1823 287 1855 tuor
325 1819 548 1855 interioribus
587 1819 680 1855 foliis
720 1821 953 1865 quaternionis
998 1833 1038 1856 ex
1074 1822 1229 1867 reliquiis
1262 1824 1401 1867 quater-

207 1877 319 1912 nionis
344 1876 481 1912 XXVII
506 1877 541 1913 et
567 1876 658 1913 foliis
689 1877 757 1914 136
782 1880 816 1913 et
846 1878 909 1914 137
936 1879 1115 1924 compositi
1140 1880 1253 1915 locum
1279 1881 1395 1914 muta-

208 1935 305 1969 verit.
325 1930 448 1982 Itaque
462 1935 701 1979 quaterniones
720 1936 789 1975 isti,
816 1946 962 1980 quorum
988 1936 1070 1971 folia
1094 1939 1196 1971 antea
1212 1937 1275 1972 hoc
1301 1939 1400 1973 modo

208 2001 244 2026 se
270 1990 490 2035 exceperant:

414 2083 532 2113 XXIIlI
1063 2086 1177 2115 XXVII

220 2123 725 2129 ''—QW—
947 2126 1294 2173 *ἮῌἸ

236 2183 250 2207 1
302 2183 318 2207 2
369 2183 386 2208 3
435 2183 452 2208 4
501 2182 518 2208 5
568 2182 584 2208 6
633 2183 648 2208 7
698 2183 715 2209 8
860 2175 1027 2210 'sm-2⁷⁷3
1059 2172 1178 2219 Ιπ-ΤΙ
1213 2177 1245 2212 ἶ
1266 2177 1380 2211 &js

217 2219 271 2245 123
285 2220 405 2246 1241‘25
420 2219 538 2245 126127
553 2219 740 2247 128129130
852 2221 970 2247 139140
984 2222 1036 2247 141
1059 2223 1113 2248 136
1126 2223 1179 2248 137
1203 2224 1256 2249 142
1270 2223 1390 2249 143144

206 2302 448 2341 transmutatis
485 2303 575 2337 inter
606 2313 641 2338 se
673 2304 896 2339 interioribus
928 2305 1086 2349 partibus
1118 2316 1195 2340 mox
1229 2307 1321 2342 hunc
1346 2294 1399 2342 fo-

207 2359 332 2394 liorum
358 2361 512 2395 ordinem
538 2360 788 2397 ostendebant:
