1721 2727
691 125 925 161 -19—

204 238 400 282 hyterum
436 239 470 272 et
506 237 789 273 theatbertum
829 232 952 282 ffl
992 238 1237 274 dedorostat
1278 240 1402 276 codicis
1443 261 1446 264 -

210 294 476 341 subscriptorem
501 295 647 331 eundem
671 306 745 332 esse
771 306 962 339 censemus,
980 295 1198 341 aliquantum
1214 295 1302 331 lucis
1320 307 1403 332 nan-

206 352 370 389 ciscimur
403 354 447 389 ad
479 354 776 400 investigandum,
815 356 850 390 et
874 354 965 390 unde
991 353 1094 390 codex
1119 353 1259 390 adlatus
1285 357 1319 390 et
1344 355 1404 391 ubi

206 410 409 445 adservatus
439 413 473 446 et
510 421 577 456 qua
609 411 690 446 data
726 411 900 447 occasione
931 411 1120 447 translatus
1146 412 1192 446 sit
1223 412 1259 446 in
1284 422 1404 448 mona-

207 467 358 503 sterium
382 467 690 508 Laurisheimense.

324 524 407 576 Fuit
432 525 659 577 Thiatbracht
695 526 763 561 iste
799 536 826 561 s.
851 526 1009 571 Liutgeri
1034 528 1068 561 et
1092 526 1244 571 aequalis
1270 528 1306 561 et
1330 526 1402 562 sine
1415 528 1587 580 Οθέζζξξὲῐ·

205 580 324 624 dubio,
350 592 429 617 cum
453 584 599 627 uterque
622 592 683 627 per
709 584 867 628 quartam
899 582 981 619 anni
1011 583 1146 628 partem
1178 584 1269 618 esset
1294 584 1402 619 eidem
1452 586 1547 614 Angli&

209 638 416 674 monasterio
440 640 665 685 praepositus,
691 649 793 684 quam
818 640 965 675 maxime
990 639 1138 681 amicus3
1164 641 1280 686 itaque
1297 640 1404 676 fuisse

213 696 364 732 codicem
388 696 573 732 Livianum
599 696 802 732 crediderim
833 697 924 733 inter
958 696 1082 740 libros,
1121 708 1204 743 quos
1234 697 1404 733 Alcuinus

208 753 375 800 magister
398 753 592 788 Eboraicae
616 754 768 789 civitatis
791 754 992 800 Anqlorum
1017 766 1042 790 s.
1061 755 1236 801 Liutgero,
1255 755 1313 799 qui
1331 755 1403 790 eius

207 810 399 855 discipulus
423 821 484 856 per
509 812 580 846 tres
605 821 711 846 annos
736 812 772 846 et
796 821 855 846 sex
885 821 1019 847 menses
1051 810 1217 857 fuerat1),
1256 812 1292 846 in
1324 811 1403 848 Fri-

208 868 298 903 siam
314 868 538 911 asportandos
557 868 699 903 dederat
706 867 736 913 ²)
754 871 856 913 atque
874 868 1041 903 donatum
1057 879 1078 904 a
1094 868 1258 913 Liutgero
1276 870 1405 905 Theat-

211 924 310 959 berto
335 924 499 970 collegae,
526 925 585 970 qui
609 925 740 960 librum
764 935 868 960 suum
893 935 965 960 esse
983 925 1134 960 nominis
1151 926 1403 970 subscriptione

206 981 419 1017 adfirmavit.
451 981 571 1027 Neque
596 983 715 1017 tamen
740 982 821 1018 inde
846 982 1084 1025 concluserim,
1103 983 1315 1018 translatum
1332 993 1404 1019 esse

211 1038 362 1074 codicem
387 1039 643 1081 Dorostadium,
669 1041 729 1075 sed
746 1038 952 1074 remansisse
969 1039 1131 1080 Traiecti,
1151 1040 1210 1075 ubi
1226 1039 1404 1075 doctrinae

204 1097 324 1131 studio
349 1100 442 1132 certo
469 1097 551 1131 anni
577 1098 730 1141 tempore
757 1096 987 1132 Theatbertus
1012 1107 1144 1142 quoque
1177 1097 1328 1133 vacabat.
1361 1098 1404 1133 In
1431 1095 1533 1117 ‘¹⁰⁸³‘OE
1547 1102 1563 1117 ²

208 1154 458 1188 monasterium
496 1154 793 1188 Laurisheimense
832 1154 965 1188 venisse
1002 1153 1137 1188 videtur
1180 1154 1299 1197 codex,
1335 1165 1401 1199 quo
1422 1124 1569 1174 33¹3&

208 1213 361 1254 tempore
386 1210 550 1246 Albricus
576 1210 726 1246 Traiecti
757 1211 829 1245 erat
866 1209 1061 1254 episcopus,
1100 1210 1159 1254 qui
1197 1220 1272 1245 cum
1309 1211 1402 1246 inter
1433 1181 1560 1231 &13sz

208 1266 459 1315 subscriptores
493 1267 657 1313 adpareat
683 1266 894 1312 diplomatis,
926 1275 991 1311 quo
1021 1267 1228 1302 monasterio
1262 1266 1402 1303 Lauris-

208 1324 377 1360 heimensi
415 1324 500 1360 villa
535 1324 754 1370 Hagenheim
783 1324 947 1367 traditur,
986 1323 1101 1359 favore
1134 1324 1284 1368 quodam
1315 1324 1403 1361 illud

210 1381 344 1416 videtur
371 1392 443 1416 esse
469 1382 686 1426 prosecutus3
719 1381 835 1425 itaque
860 1390 898 1415 eo
924 1382 1062 1415 auctore
1088 1379 1242 1416 codicem
1267 1382 1304 1416 in
1328 1391 1403 1416 mo-

209 1437 354 1473 nasterii
379 1440 511 1474 venisse
536 1439 783 1483 possessionem
809 1448 877 1473 non
894 1437 1121 1483 improbabile
1141 1438 1214 1473 est.
1240 1437 1402 1473 Albricus

207 1496 327 1540 igitur,
342 1495 373 1530 si
398 1497 630 1530 coniecturam
646 1496 757 1531 facere
773 1495 866 1537 licet,
893 1505 973 1529 cum
989 1495 1238 1529 monasterium
1263 1495 1403 1529 Lauris-

209 1553 381 1588 heimense
399 1562 489 1588 anno
509 1552 579 1589 764
595 1552 779 1588 fundatum
795 1552 831 1587 in
852 1551 927 1588 'dies
952 1551 1064 1598 magis
1081 1551 1201 1586 florere
1226 1551 1401 1597 inciperet,

207 1621 247 1644 ex
272 1610 428 1645 thesauro
454 1610 633 1652 librorum,
660 1610 719 1654 qui
743 1608 893 1644 Traiecti
910 1609 1193 1651 adservabantur,
1220 1608 1403 1644 nonnullos

208 1677 295 1702 novo
312 1667 531 1713 monasterio,
550 1677 616 1713 quo
634 1677 734 1702 suum
753 1676 834 1711 erga
850 1666 940 1701 illud
956 1667 1095 1711 gratum
1120 1665 1276 1700 animum
1293 1666 1403 1711 signi-

207 1726 342 1768 ficaret,
372 1725 425 1762 vel
451 1726 523 1771 ipse
547 1725 711 1769 tradidit,
746 1725 801 1761 vel
827 1725 924 1768 alios,
952 1724 1011 1770 qui
1034 1724 1140 1760 libros
1170 1723 1402 1768 possidebant,

207 1784 247 1818 ut
282 1794 390 1818 unum
421 1784 613 1819 alterumve
638 1783 844 1818 monasterio
871 1783 1051 1825 donarent,
1076 1782 1254 1826 permovit.
1305 1781 1403 1824 Quod

207 1842 237 1875 si
262 1851 382 1875 verum
414 1843 484 1883 est,
523 1840 627 1876 codex
656 1851 725 1876 non
749 1842 827 1886 post
860 1849 990 1875 annum
1025 1839 1110 1880 784,
1148 1848 1213 1883 quo
1245 1841 1402 1873 mortuus

206 1899 262 1933 est
295 1898 456 1933 Albricus
468 1897 507 1944 ³),
534 1898 569 1933 in
604 1898 854 1933 monasterium
878 1896 1180 1932 Laurisheimense
1205 1897 1259 1930 est
1284 1896 1401 1930 trans-

206 1956 375 2001 portatus.
427 1955 540 1999 Quam
566 1954 776 1990 sententiam
802 1955 832 1990 si
856 1955 970 1990 minus
996 1952 1260 1999 probaverimus,
1287 1953 1402 1997 place-

207 2014 259 2054 bit
290 2013 435 2048 fortasse
475 2013 594 2048 altera.
645 2012 781 2048 Scimus
813 2012 905 2047 enim
931 2022 958 2046 s.
985 2010 1189 2056 Gregorium
1215 2011 1401 2054 antequam

321 2148 345 2184 ¹)
366 2146 413 2178 Cf.
433 2145 562 2176 eiusdem
581 2146 662 2175 vitae
682 2155 705 2175 c.
729 2149 772 2176 11.

322 2197 344 2233 ²)
366 2194 411 2225 Cf.
433 2194 453 2225 l.
475 2203 499 2223 c.
520 2202 544 2224 c.
567 2197 617 2223 12:
648 2193 791 2223 Dim-ectus
815 2193 918 2230 itaque
945 2192 1113 2228 Liutyerus
1134 2199 1281 2228 prospero
1307 2199 1402 2220 cursu

199 2245 344 2282 pervenit
363 2243 405 2273 ad
426 2243 564 2282 patriam
584 2251 671 2271 suam
690 2242 802 2272 habens
820 2250 917 2270 secum
939 2240 1085 2278 copiam
1111 2239 1302 2269 librorum.
1406 2272 1420 2280 -

322 2291 343 2329 ³)
365 2292 409 2322 Cf.
430 2291 569 2320 Annales
594 2290 870 2319 Lawreshamenses
895 2288 925 2317 in
951 2287 1063 2316 Pertzii
1088 2287 1174 2318 Mon.
1200 2288 1298 2316 Germ.
1319 2286 1370 2316 SS.
1384 2287 1402 2316 I

203 2349 233 2378 p.
254 2343 302 2369 82.
323 2349 353 2369 n.
373 2338 469 2368 XVII.
1247 2382 1286 2411 2*
