1721 2727
654 160 887 195 ...43-

289 262 406 299 Simon
434 262 611 309 Grynaeus
635 263 743 309 igitur
768 262 902 308 primus
927 273 967 298 ex
991 263 1103 298 codice
1130 264 1212 297 tunc
1228 261 1366 296 Lauris-
1388 269 1466 320 {ditio
1482 269 1540 320 ⁹¹1⁰*

173 321 345 358 heimensi
367 321 505 368 paravit
529 322 718 368 exemplar,
750 320 841 367 quod
873 319 1130 366 typoqraphicis
1160 318 1272 363 operis
1296 320 1366 353 tra·
1412 304 1496 321 ΒΜ
1522 315 1529 321 ’

173 379 310 414 deretur
333 379 508 414 utendum.
534 380 626 415 Nam
642 379 702 415 ille
719 382 784 423 est,
810 379 869 425 qui
894 378 931 413 in
957 378 1117 414 editionis
1135 377 1367 413 Frobenianae

174 435 389 480 praefatione
414 435 586 480 laudatur,
612 436 667 471 vir
689 435 816 478 doctus,
842 437 994 470 attentus
1029 437 1061 470 et
1096 435 1135 469 in
1160 433 1220 469 hoc
1255 434 1368 477 ipsum

172 492 394 536 exercitatus,
427 493 496 539 qui,
514 493 605 539 quod
630 494 768 538 propter
793 491 970 537 archetypi
995 490 1249 526 admirandam
1273 492 1367 524 vetu-

172 553 294 585 statem
327 551 590 595 litterarumque
615 552 822 594 perpetuam
852 549 973 584 seriem
998 552 1072 584 erat
1103 548 1366 589 difficillimum,

173 607 311 651 verbum
335 607 378 643 ab
401 607 497 642 verbo
521 606 707 642 diremerat
732 607 856 652 quique
889 616 959 640 nou
990 606 1124 640 minore
1149 616 1236 640 cura
1261 615 1368 648 quam

171 664 239 709 fide
263 664 532 710 adviqilaverat,
566 674 608 699 ue
639 673 788 708 usquam
813 663 853 698 iu
877 662 1094 698 describendo
1118 662 1161 697 ab
1186 661 1367 706 archetypo

173 722 390 758 recederetur.

284 790 411 825 Utrum
448 799 529 824 vero
563 788 720 834 Grynaeo
752 789 789 831 in
820 788 1030 824 monasterio
1060 789 1135 833 ipso
1161 788 1285 824 codicis
1312 787 1366 822 in-

171 847 337 893 spiciendi
362 847 460 891 copia
485 845 580 881 facta
604 846 649 881 sit
667 856 711 881 an
729 845 890 881 monachi
908 855 988 881 eum
1004 845 1180 881 Basileam
1197 845 1365 886 miserint,

171 904 263 939 unde
288 902 525 948 apographum
550 902 783 938 describerent
815 902 910 937 docti
943 902 1101 938 officinae
1132 901 1365 938 Frobenianae

171 961 396 1002 correctores,
436 969 476 994 ea
508 960 550 994 de
583 970 620 997 re.
653 970 715 994 nec
740 959 952 1004 praefatione
979 959 1162 994 edocemur
1187 969 1248 994 nec
1281 958 1365 992 fides

171 1018 327 1053 habenda
351 1028 422 1052 esse
448 1017 585 1052 videtur
609 1016 651 1053 iis
677 1026 763 1061 quae
788 1017 1013 1052 Lambeccius
1037 1016 1145 1052 refert
1170 1015 1367 1051 coniectura

170 1074 285 1119 potius
316 1084 355 1109 ex
384 1073 597 1118 praefatione
628 1073 809 1119 desumpta
839 1083 943 1118 quam
976 1073 1120 1109 testium
1144 1072 1242 1109 nobis
1266 1073 1365 1117 igno·

170 1133 284 1166 torum
310 1130 377 1166 fide
402 1130 542 1165 tradita.
592 1130 629 1164 Is
661 1140 741 1165 vero
774 1130 859 1165 haec
884 1132 926 1165 de
951 1131 1067 1166 codice
1093 1132 1227 1165 narrat:
1253 1128 1364 1164 Codex

170 1188 227 1223 hic
245 1188 407 1222 Livianus
425 1187 588 1231 primum
614 1197 656 1221 ex
680 1186 887 1221 monasterio
903 1186 1205 1222 Laurisheimeusi
1222 1186 1263 1220 in
1279 1184 1364 1220 Hel-

170 1244 310 1286 vetiam,
343 1243 468 1278 deinde
498 1245 615 1278 autem
639 1253 680 1278 ex
703 1242 864 1278 Helvetia
888 1243 928 1278 ire,
954 1243 1145 1278 Comitatus
1172 1242 1365 1278 Tiroleusis

171 1301 438 1337 Archiducalem
478 1300 604 1336 Arcem
633 1300 913 1336 Ambrasiauam
952 1303 982 1335 et
1022 1301 1163 1336 taudem
1203 1299 1284 1335 iude
1323 1298 1364 1333 iu

171 1358 469 1402 Auqustissimam
509 1357 762 1392 Bibliothecam
812 1357 1020 1393 Caesaream
1070 1357 1363 1393 Vindoboueusem

168 1414 451 1460 trausmiyravit,
488 1413 547 1449 ubi
584 1424 679 1449 nunc
709 1415 880 1458 tauquam
909 1413 1084 1449 redivivus
1115 1424 1204 1449 nova
1226 1413 1365 1459 fruitur

171 1473 243 1507 luce
254 1474 285 1507 et
303 1472 410 1507 doctis
426 1472 482 1506 sui
499 1471 776 1507 aestimatoribus
792 1472 1048 1507 admirandum
1064 1472 1171 1507 simul
1188 1483 1229 1507 ac
1240 1471 1363 1516 periu-

168 1528 321 1563 cundum
343 1528 481 1571 praebet
505 1528 747 1571 spectaculum.
772 1529 864 1573 Ergo
887 1529 1114 1564 Lambeccius
1140 1528 1364 1573 praefationis

168 1585 366 1621 testimonio
404 1585 595 1622 accuratius
633 1595 701 1622 non
733 1584 884 1632 inspecto
917 1586 1068 1622 codicem
1095 1586 1131 1622 in
1154 1585 1364 1629 Helvetiam,

168 1644 227 1678 ubi
267 1644 359 1687 typis
401 1643 639 1685 mandaretur,
677 1645 953 1688 transportatum
985 1644 1033 1679 ibi
1063 1644 1272 1679 remansisse
1303 1654 1363 1688 po·

168 1700 375 1746 sterioreque
417 1702 568 1746 tempore
601 1700 681 1735 inde
719 1700 757 1735 in
789 1700 916 1735 Arcem
958 1699 1170 1735 Tiroleusem
1210 1701 1363 1735 delatum

169 1768 241 1792 esse
268 1767 346 1793 cum
365 1758 490 1795 fiducia
508 1758 707 1795 adfirmasse
732 1759 879 1794 videtur.
911 1759 1000 1795 Utut
1022 1769 1098 1794 vero
1115 1759 1200 1794 haec
1223 1760 1362 1793 sunt—

168 1815 361 1850 accuratius
399 1816 490 1851 enim
528 1815 655 1851 codicis
696 1814 920 1862 migrationes
961 1816 1119 1862 persequi
1157 1816 1255 1851 nobis
1293 1824 1362 1850 non

168 1872 314 1918 contigit
345 1893 390 1899 —
407 1901 415 1916 ,
457 1873 492 1909 id
531 1883 591 1919 pro
629 1875 723 1909 certo
754 1875 869 1919 potest
907 1873 1082 1917 contendi,
1125 1873 1278 1909 codicem
1319 1874 1361 1909 ad

167 1929 356 1974 parandam
394 1930 581 1966 editionem
619 1941 639 1966 a
676 1929 833 1976 Grynaeo
871 1931 1084 1976 descriptum
1120 1931 1158 1966 in
1199 1930 1361 1966 editionis

166 1986 308 2022 alterius
333 1997 446 2030 usum,
473 1998 539 2033 quo
565 1988 753 2035 apographi
778 1988 903 2034 prioris
928 1988 1055 2024 menda
1086 1999 1166 2024 cum
1194 1988 1262 2024 fide
1288 1998 1361 2024 cor-

166 2043 363 2088 rigerentur
389 2045 446 2080 vel
470 2045 702 2090 manuscripti
726 2044 811 2081 libri
836 2055 967 2081 errores
984 2045 1119 2080 facilius
1137 2047 1360 2082 emendaren-

166 2101 234 2143 tur,
260 2110 329 2135 non
355 2101 484 2136 iterum
509 2112 580 2137 esse
597 2102 796 2147 inspectum
813 2103 867 2138 vel
884 2103 995 2138 denuo
1012 2102 1212 2138 conferendi
1226 2102 1360 2147 copiam

166 2167 235 2192 non
266 2157 391 2201 fuisse,
430 2158 465 2194 id
497 2158 587 2203 quod
613 2159 794 2204 utriusque
819 2159 977 2195 editionis
1002 2160 1255 2204 comparatione
1281 2159 1360 2194 dili-

164 2215 291 2260 genter
315 2215 481 2251 instituta
505 2214 623 2251 didici.
659 2214 764 2251 Cuius
789 2216 1009 2261 quaestionis,
1036 2226 1141 2262 quam
1165 2218 1248 2252 data
1264 2225 1361 2251 occa-

166 2272 267 2307 sione
284 2272 424 2308 uberius
455 2272 597 2308 fortasse
629 2273 782 2308 tract-are
813 2272 941 2315 licebit,
970 2274 1086 2317 capita
1119 2276 1258 2309 tantum
1283 2283 1362 2318 per-

167 2327 340 2374 stringere
364 2329 431 2364 hoc
455 2329 529 2365 loco
554 2329 591 2364 in
617 2330 731 2365 animo
758 2332 820 2364 est.
