1721 2727
666 146 902 182 ,45-

295 248 499 284 Conferendi
524 251 606 283 sunt
638 260 719 285 cum
744 250 797 284 his
822 250 905 284 locis
932 249 1040 290 XLII,
1073 249 1130 289 31,
1163 250 1194 293 9,
1230 251 1288 285 ubi
1321 259 1377 285 co-

137 324 139 326 ·
181 305 244 341 dex
275 304 468 342 &IULIUS
507 305 729 350 ANNALIS,
764 309 799 342 et
831 305 967 349 XLIII,
1002 306 1056 349 ll,
1094 306 1147 348 13,
1181 305 1241 341 ubi
1279 307 1379 342 codex

180 362 493 405 LFLAMINIUS,
520 367 553 398 et
576 364 686 406 XLII,
703 364 762 405 44,
780 364 822 404 6;
848 364 977 405 XLIII,
999 364 1053 405 11,
1080 364 1120 405 8;
1147 363 1252 403 XLV,
1273 364 1326 403 17,
1345 364 1378 404 3,

182 418 243 455 ubi
269 418 398 456 SERG.
425 420 581 463 exhibet,
608 422 731 466 quibus
757 431 796 456 ex
821 421 936 456 codice
961 420 1035 466 ipso
1057 421 1244 466 genuinam
1270 419 1378 465 scrip-

181 479 299 511 turam
323 477 400 512 aliis
426 477 587 513 subsidiis
620 488 689 512 non
723 477 891 512 adhibitis
930 479 1001 512 erui
1040 478 1095 512 vix
1129 488 1224 522 posse
1251 477 1378 522 proba-

182 531 280 578 tu1·¹).
313 532 445 577 Quibus
471 533 555 569 locis
580 543 662 569 sane
688 533 925 579 paucissimis,
952 535 991 568 ut
1016 534 1198 569 mittamus
1224 535 1260 568 et
1285 534 1378 569 locos

184 591 244 634 16,
287 592 346 628 ubi
378 592 489 627 altera
526 591 630 627 editio
668 601 776 637 neque
814 600 893 627 cum
925 591 1036 636 priore
1072 602 1181 637 neque
1216 601 1295 627 oum
1322 601 1379 627 co-

183 649 257 683 dice
295 649 484 690 consentit,
524 648 559 683 et
596 648 658 690 23,
686 648 754 692 *qui
791 658 870 682 cum
902 644 1157 683 emendationes
1184 651 1245 683 aut
1270 649 1379 683 inter-

182 704 411 749 punctionum
436 705 498 738 aut
523 703 807 749 orthographicas
834 703 1021 738 ostendant
1046 714 1086 738 ex
1111 705 1228 739 codiee
1247 706 1377 740 mutari

183 772 250 797 non
276 763 483 806 potuerunt,
510 770 721 805 opponemus
745 759 815 795 iam
841 759 1020 805 plurimos,
1052 760 1090 795 in
1124 762 1247 806 quibus
1271 761 1377 797 editio

184 819 294 853 altera
318 818 441 862 prioris
468 828 545 852 cum
574 817 690 867 codice
721 817 966 852 consentientis
1005 818 1199 862 exemplum
1237 819 1376 855 deserit.

184 875 273 911 Sunt
299 884 378 910 vero
403 873 464 909 hi:

300 963 519 1000 Editionis
553 963 580 997 I.
976 964 1200 1000 Editionis
1228 966 1272 1002 Il.
1399 966 1548 1017 tss'sscii‘i‘ii'-

155 1043 244 1086 xm,
266 1043 320 1085 10,
364 1042 384 1076 7
411 1051 484 1076 esse
829 1051 902 1076 sese
1404 1023 1549 1080 aflines:

270 1100 324 1141 13,
366 1099 389 1133 4
416 1099 548 1148 Lunam
831 1098 960 1134 Lucam

269 1156 323 1198 16,
369 1157 384 1190 1
413 1156 443 1190 et
471 1155 525 1197 17,
544 1155 567 1191 5
585 1155 665 1189 ante
691 1154 782 1189 diem
831 1154 875 1189 ad
900 1155 991 1189 diem

272 1213 326 1257 18,
369 1213 391 1247 6
417 1212 535 1246 eodem
563 1214 713 1255 tempore
834 1212 953 1246 eodem
980 1211 1058 1256 (om.
1085 1213 1252 1257 tempore)

176 1285 191 1304 n
270 1269 324 1311 18,
368 1269 387 1303 7
416 1267 703 1313 congrederentur
832 1267 1094 1312 digrederentur

114 1343 118 1347 ·
176 1342 191 1361 n
268 1326 325 1368 21,
368 1326 389 1360 8
417 1325 496 1371 (bis)
524 1325 562 1359 Τ.
609 1363 615 1369 ,
832 1325 906 1359 Tib.

176 1399 192 1418 v
268 1383 324 1424 21,
346 1382 389 1417 13
415 1381 489 1416 auis
832 1380 944 1415 aureis

139 1439 249 1481 XLII,
271 1439 325 1481 12,
371 1439 387 1472 l
416 1438 508 1472 ciues
833 1437 994 1472 ciuitates

176 1513 191 1532 η
268 1496 325 1536 31,
368 1496 389 1530 9
415 1495 531 1531 Julius
559 1494 705 1529 Annalis
832 1493 959 1530 Junius
985 1493 1132 1529 Annalis

176 1570 193 1587 n
269 1553 325 1592 34,
368 1553 390 1588 9
416 1552 454 1587 Τ.
834 1550 910 1586 Tib.

180 1626 196 1645 n
272 1609 328 1652 37,
375 1610 392 1644 1
420 1608 557 1654 Sergius
836 1606 906 1643 Ser.

179 1684 193 1701 η
268 1667 326 1708 44,
370 1667 391 1702 6
419 1666 513 1710 Serg.
834 1665 905 1700 Ser.

178 1739 194 1758 n
269 1723 328 1765 47,
369 1723 391 1757 8
417 1732 489 1757 esse
501 1721 593 1756 bello
609 1721 694 1767 (cod.
710 1731 783 1755 esse
833 1721 922 1755 bello
950 1731 1022 1755 esse

419 1779 568 1819 bellum)

270 1838 327 1879 67,
368 1838 392 1871 4
418 1837 605 1871 Corracum
616 1836 785 1882 (cod.cor-
835 1838 870 1870 et
896 1835 1084 1880 Corragum

416 1891 574 1938 rachum)

179 1968 194 1986 n
271 1950 327 1993 67,
368 1951 392 1985 4
418 1950 596 1986 Marenem
837 1949 1003 1985 Marenen

120 2008 247 2051 XLIII,
291 2009 324 2049 3,
365 2008 389 2041 4
413 2007 618 2042 Masinissae
838 2006 1049 2041 Masanissae

178 2081 194 2100 η
296 2064 331 2108 7,
369 2063 392 2100 5
417 2063 549 2099 Micion
835 2062 985 2098 Miccion

297 2122 330 2164 8,
372 2121 394 2156 8
419 2121 561 2156 Micioni
837 2119 997 2155 Miccioni

308 2252 332 2291 ¹')
353 2255 434 2291 Quae
461 2254 575 2283 restant
601 2252 731 2290 exempla
761 2253 933 2290 (equestem,
955 2250 1125 2288 profectos,
1151 2250 1278 2287 laturos)
1308 2249 1389 2279 inter

191 2304 298 2333 menda
318 2303 459 2332 editionis
478 2301 587 2339 prioris
612 2300 794 2330 numeranda
818 2309 892 2334 esse,
908 2308 982 2337 quae
1001 2308 1019 2327 a
1038 2299 1174 2336 quolibet
1194 2298 1311 2328 homine
1330 2298 1389 2328 lin-

191 2359 266 2388 guae
287 2350 410 2379 Latinae
431 2357 522 2387 gnaro
544 2348 687 2377 facillime
706 2347 815 2385 corrigi
835 2347 982 2384 poterant,
1002 2354 1089 2375 nemo
1110 2345 1223 2374 infitias
1243 2345 1311 2376 ibit.
