1721 2727
743 187 981 221 —93—

261 301 349 335 quae
375 301 395 325 a
420 291 553 326 duobus
581 291 769 334 enuntiatis
802 300 889 334 quae
928 293 1053 325 vocant
1087 291 1335 334 temporalibus
1375 291 1459 324 inci-

260 346 328 393 pit:
371 359 461 383 cum
505 348 534 382 is
574 347 775 391 triumphus
812 367 857 372 —
895 346 1062 392 ayebatur
1105 350 1149 381 et'
1176 344 1270 392 quod
1311 347 1460 392 proxime

260 404 599 449 sequitur'·Li9urcs
629 407 896 448 postquam
932 406 1125 439 senserunt.
1176 404 1307 440 Deinde
1350 415 1461 440 nonne

262 464 366 497 miros
394 472 455 497 nos
489 462 612 497 habere
647 461 751 495 debet
790 462 875 495 illud
915 460 1125 505 Liguribus,
1162 453 1251 504 quod
1289 462 1359 496 iam
1395 472 1487 500 uno.

262 512 396 556 tantum
423 519 627 563 interposito
654 519 755 553 verbo
781 518 947 563 ayebatur
972 518 1128 562 sequitur
1146 527 1262 553 vocem
1285 517 1459 565 Ligures?

262 578 355 622 Quae
370 577 597 612 difficultates
615 580 653 611 ut
668 578 888 618 evanescant,
902 576 1056 622 graviter
1070 578 1146 620 post
1160 576 1326 620 ayebatur
1339 577 1459 611 distin-

194 668 198 673 ,
260 645 407 680 guamus
433 645 573 669 necesse
600 638 662 676 est,
691 635 741 669 ita
759 638 797 669 ut
815 634 1034 669 enuntiatum
1060 644 1137 668 cum
1157 634 1186 667 is
1203 633 1402 677 triumphus
1418 633 1459 669 de

191 697 194 700 ’
260 691 452 737 Liguribus
465 691 632 736 ayebatur
645 692 816 726 referatur
836 691 878 726 ad
897 690 1014 733 verba,
1041 701 1128 736 quae
1154 691 1306 735 proxime
1324 701 1460 735 praece-

259 750 363 784 dunt:
391 750 507 792 itaque
532 749 641 790 taciti,
675 751 713 783 ut
738 748 846 782 iratos
875 759 943 782 esse
955 748 1109 791 sentire&
1136 748 1241 782 secuti
1264 750 1345 781 sunt
1378 759 1457 782 cur-

258 817 348 840 rum.
386 806 480 849 Quae
509 807 771 841 enuntiatorum
799 805 995 840 coniunctio
1023 815 1101 839 cum
1128 805 1238 840 multo
1265 805 1387 838 melius
1421 815 1457 839 se

259 863 382 898 habere
407 853 591 903 videatur(
625 862 774 897 alterum
816 863 939 914 etiam,
974 863 1062 907 quod
1095 872 1163 896 non
1203 862 1357 906 ineptum
1400 861 1456 906 sit,

260 921 374 957 verbis
399 922 449 957 ita
475 920 674 956 constitutis
701 919 954 966 consequimur.
993 919 1084 956 Nam
1110 931 1148 955 ex
1173 919 1288 955 verbis
1300 932 1314 960 :-
1335 919 1459 963 Itaque

260 979 370 1020 taciti,
386 981 424 1012 ut
436 979 546 1012 iratos
560 989 629 1012 esse
645 979 790 1012 sentires
803 978 908 1013 secuti
921 981 1002 1012 sunt
1016 989 1170 1020 currum,
1189 989 1266 1012 cum
1283 978 1314 1012 is
1330 978 1458 1012 trium-

257 1034 349 1078 phus
382 1034 422 1069 de
454 1034 646 1078 Liyuribus
677 1033 845 1078 ayebatur
869 1054 916 1059 —
942 1033 1079 1068 facilius
1112 1034 1230 1069 abesse
1256 1044 1353 1078 posse
1379 1044 1459 1083 cm·-

258 1103 339 1126 rum
377 1103 480 1136 quam
518 1103 595 1126 cum
635 1092 668 1126 is
709 1092 851 1136 quisque
891 1091 1080 1137 intelleget.
1143 1090 1217 1135 Qua
1254 1102 1291 1125 re
1333 1091 1373 1131 et,
1402 1101 1459 1126 co-

259 1147 345 1182 dicis
377 1148 554 1192 scriptura
578 1158 704 1182 currus
736 1149 932 1192 permotus,
971 1157 1040 1182 non
1073 1148 1253 1192 lacunam,
1292 1148 1351 1181 sed
1384 1157 1459 1181 cor-

258 1203 430 1250 ruptelam
458 1204 652 1238 statuerim.
703 1203 843 1239 Etenim
868 1205 908 1238 ut
934 1203 1023 1238 nihil
1048 1203 1161 1239 dicam
1187 1204 1229 1239 de
1254 1203 1308 1247 iis,
1335 1203 1458 1249 quibus

259 1272 364 1306 supra
391 1262 669 1306 compendiorum
693 1262 730 1296 in
757 1261 1063 1297 terminationibus
1096 1261 1332 1306 significandis
1356 1271 1459 1296 usum

258 1319 477 1363 frequentem
510 1319 618 1353 fuisse
643 1318 826 1362 probatum
861 1320 930 1361 est,
966 1329 1005 1353 ex
1030 1319 1162 1353 indicis
1186 1321 1366 1361 notarum,
1400 1318 1460 1362 qui

259 1375 402 1411 editioni
440 1374 506 1411 Gai
543 1386 652 1421 nuper
683 1385 703 1410 a
735 1374 985 1411 Studemundio
1026 1376 1165 1412 curatae
1206 1375 1362 1411 adiectus
1394 1377 1458 1423 est,

258 1444 290 1477 p.
327 1434 399 1469 260
433 1435 571 1468 constat
604 1432 702 1467 CUM
735 1433 872 1478 saepius
910 1443 970 1477 per
1011 1433 1255 1477 compendium
1292 1434 1459 1479 scriptum

259 1499 333 1523 esse
368 1488 393 1523 C
417 1491 473 1524 vel
499 1489 546 1524 C·
592 1487 747 1533 Cumque
772 1489 901 1523 ibidem
927 1491 961 1523 et
986 1488 1111 1525 CURA
1136 1500 1197 1534 per
1219 1482 1262 1525 C·
1298 1491 1333 1524 et
1364 1489 1467 1526 TUR'

259 1556 320 1591 per
337 1546 376 1581 T'
401 1547 458 1581 vel
482 1545 561 1591 T-1)
588 1546 695 1581 scribi
716 1545 859 1581 solitum
879 1556 954 1581 esse
980 1546 1174 1587 doceamur,
1201 1547 1366 1592 quidnam
1385 1550 1458 1582 erat

258 1603 397 1638 facilius
424 1614 530 1648 quam
555 1603 744 1648 permutari
774 1605 864 1639 inter
889 1614 925 1638 se
951 1603 1105 1649 syllabas
1132 1603 1231 1639 CUM
1268 1607 1302 1639 et
1336 1603 1458 1640 CUR?

257 1659 380 1705 Itaque
398 1659 580 1696 CURRUS
598 1670 637 1695 ex
663 1661 904 1706 compendiosa
928 1660 1097 1705 scriptura
1115 1659 1204 1695 C·IS
1222 1663 1364 1696 enatum
1388 1671 1458 1695 esse

258 1717 346 1752 mihi
371 1727 539 1762 perquam
565 1717 703 1752 videtur
728 1717 925 1753 vei-lsimile.
971 1716 1060 1752 Nam
1093 1717 1355 1753 terminationes
1387 1718 1459 1754 UM

258 1775 293 1809 et
318 1775 383 1809 UR
400 1775 533 1819 passim
552 1775 771 1818 permutatae
798 1785 837 1809 ex
862 1784 901 1809 eo
919 1774 1110 1820 scripturae
1129 1775 1332 1820 compendio
1350 1776 1458 1820 expli-

257 1830 386 1866 candae
411 1832 510 1872 sunt3
538 1830 580 1866 cf.
608 1830 667 1866 fol.
686 1831 743 1866 16¹
768 1830 790 1866 l.
809 1831 855 1865 26
881 1830 983 1873 (XLI,
1010 1830 1066 1872 24,
1096 1831 1163 1875 19),
1189 1830 1249 1866 ubi
1274 1841 1335 1877 pro
1361 1831 1458 1867 DIF-

256 1888 443 1924 FERTUR
466 1888 636 1933 scriptum
659 1890 709 1923 est
739 1887 1028 1931 DIFEERTUM3
1061 1898 1160 1934 porro
1183 1888 1243 1925 fol.
1264 1889 1345 1923 188r
1367 1889 1391 1924 l.
1415 1889 1458 1924 15

257 1945 378 1991 (XLV,
415 1946 487 1987 40,
530 1946 566 1990 2)
617 1943 954 1981 COERCEBATUR
984 1955 1055 1990 ,pro
1098 1944 1456 1982 COACERUATUM.

256 2002 372 2037 Etiam
398 2002 593 2052 permultae
619 2002 701 2036 illae
727 2002 887 2046 passivae
913 2012 999 2047 quas
1025 2005 1149 2037 vocant
1182 2002 1364 2038 verborum
1390 2003 1457 2038 for-

255 2068 332 2094 mae
374 2059 412 2093 in
454 2059 552 2095 libris
603 2058 738 2094 ultimis
780 2059 1000 2103 potissimum
1045 2059 1162 2104 inepte
1200 2060 1333 2104 positae
1377 2070 1458 2095 cum

254 2115 487 2159 inveniantur,
515 2115 578 2151 ubi
602 2116 743 2161 gravius
769 2116 1054 2161 interpungamus
1081 2118 1233 2161 oportet,
1267 2116 1331 2152 hoc
1356 2117 1457 2152 modo

254 2175 377 2207 enatae
403 2174 503 2214 sunt,
544 2173 583 2207 ut
609 2172 771 2207 librarius
797 2173 896 2217 signa
922 2172 1159 2207 distinctionis
1194 2175 1243 2215 (.)
1276 2173 1311 2208 in
1337 2174 1458 2208 arche-

254 2230 336 2274 typo
362 2231 528 2273 usurpata
554 2229 759 2273 compendia
784 2229 939 2273 syllabae
956 2228 1022 2264 UR
1048 2240 1119 2264 esse
1144 2220 1334 2275 putaret9).
1360 2229 1456 2265 Idem

368 2326 391 2360 ¹)
412 2323 457 2353 Cf.
478 2323 498 2352 l.
520 2332 544 2352 c.
566 2332 594 2360 p.
610 2325 675 2352 306.

369 2371 391 2407 ³)
412 2371 456 2401 De
477 2379 536 2410 qua
561 2379 591 2400 re
611 2369 648 2400 cf.
669 2378 743 2408 quae
769 2369 850 2398 infra
879 2378 907 2407 p.
929 2372 983 2400 102
1009 2379 1039 2400 n.
1062 2373 1077 2399 1
1112 2369 1150 2399 ad
1178 2369 1262 2405 XLI,
1290 2371 1334 2407 18,
1361 2372 1378 2399 8
1408 2380 1456 2400 ex-

252 2421 407 2458 ponentur.
