1721 2727
102 1352 160 1377 1121.
182 1352 216 1378 12,
234 1351 269 1372 ιο.

126 2158 186 2186 xm.
199 2159 234 2185 1³.
245 2158 269 2181 5.

756 182 993 220 -96·-

273 292 447 323 certamen
473 289 871 335 increscentemque
893 289 1029 332 fiducia
1053 299 1122 323 sua
1139 289 1210 328 vim
1222 290 1405 333 potuisset.
1423 316 1429 322 .
1447 316 1454 322 .

274 345 402 388 XLIV,
420 345 477 391 36,
496 346 519 381 5
538 345 662 381 deinde
686 347 858 389 quantum
882 345 1143 380 incresceret
1168 348 1291 391 aestus,
1319 348 1350 381 et
1366 345 1477 381 voltus

275 403 396 438 minus
420 403 568 448 viyentes
592 405 622 437 et
659 412 750 438 voces
781 402 955 447 scyniores
985 404 1104 447 erant3
1138 402 1285 448 denique
1318 403 1352 439 id
1386 403 1475 450 quod

276 460 425 495 maxime
451 460 598 504 quadrat
629 460 825 504 exemplum
851 460 915 494 hoc
948 460 1020 494 est:
1058 460 1102 502 X,
1129 460 1163 502 5,
1196 460 1219 494 2
1244 472 1322 495 cum
1349 462 1407 495 ira
1432 460 1476 495 ab

277 519 414 562 accepta
451 528 566 560 nuper
603 516 701 552 clade
733 516 953 558 stimulabat,
991 519 1065 551 tum
1089 516 1293 552 concitatior
1318 517 1479 553 accidens

277 574 408 609 clamor
423 573 467 607 ab
493 568 764 608 increscente
787 575 985 609 certamine.
1029 573 1141 617 Quare
1162 574 1211 609 ita
1234 574 1364 609 librum
1382 573 1478 608 XLV

278 630 508 666 claudendum
536 640 607 665 esse
634 631 844 666 censuerim:
881 630 1123 675 Actumque
1162 631 1207 666 in
1240 630 1347 666 Asia
1384 631 1477 666 bel-

277 689 361 723 lum
388 689 505 723 inter
531 689 751 723 Eumenen
780 691 820 723 et
847 688 999 724 Gallos
1025 688 1235 724 increvit.'

393 877 443 912 De
485 878 608 923 quibus
650 880 748 914 modo
784 878 1001 922 disputatum
1032 881 1084 913 est
1115 878 1180 913 loci
1221 878 1332 913 adhuc
1364 878 1479 913 sanari

282 935 491 979 nequibant,
541 935 622 980 quia
661 937 702 971 de
740 936 867 970 codicis
911 936 1080 980 scriptura
1123 937 1224 971 antea
1265 935 1353 971 nihil
1395 936 1479 971 certi

286 992 486 1037 constabat;
514 992 701 1027 adiciemus
727 993 798 1027 iam
824 993 858 1027 in
885 993 927 1027 iis
955 1003 1040 1037 quae
1067 995 1231 1028 secuntur
1249 993 1351 1027 breve
1377 992 1479 1038 spici-

282 1049 411 1093 legium
438 1049 599 1083 criticum
625 1059 742 1083 eorum
768 1049 938 1092 locorum,
975 1049 1033 1093 qui
1059 1059 1268 1093 quamquam
1295 1050 1482 1084 maximam

283 1107 417 1150 partem
455 1107 548 1141 recte
587 1117 626 1140 ex
660 1107 776 1141 codice
820 1105 983 1151 exscripti
1018 1106 1088 1141 alia
1119 1116 1222 1151 quam
1254 1117 1341 1151 quae
1367 1107 1480 1141 adhuc

283 1162 365 1197 iniri
390 1163 521 1198 solebat
548 1162 604 1198 via
629 1162 804 1198 emendari
830 1173 929 1208 posse
957 1163 1044 1198 mihi
1072 1163 1241 1198 videntur.

396 1338 493 1381 XLI,
522 1339 584 1381 12,
614 1339 668 1373 10.
723 1337 900 1372 Claudius
930 1338 1084 1372 duarum
1113 1340 1270 1382 yentium
1294 1348 1363 1372 uno
1389 1349 1486 1373 anno

284 1394 395 1430 uictor
428 1395 563 1431 duabus
600 1395 690 1440 quod
720 1406 804 1430 raro
841 1395 935 1431 alius
968 1395 1008 1430 in
1041 1394 1223 1430 consulatu
1243 1395 1448 1440 pacatisque
1462 1396 1486 1438 ¹)

281 1452 484 1496 prouinciis
520 1464 655 1488 romam
691 1453 824 1488 euertit.
877 1453 972 1488 Haec
1004 1454 1126 1495 verba,
1167 1453 1204 1488 in
1242 1452 1367 1497 quibus
1401 1463 1487 1497 quae

288 1509 387 1544 facili
411 1510 549 1556 negotio
577 1510 691 1546 sanari
723 1512 858 1555 poterat
896 1511 1071 1554 postrema
1108 1520 1172 1545 vox
1204 1510 1320 1545 evertit
1356 1510 1487 1545 dudum

289 1568 411 1602 sanata
448 1568 521 1609 est,
566 1566 629 1601 hac
665 1567 743 1602 labe
777 1566 934 1602 abstersa
964 1566 1102 1613 integra
1136 1577 1202 1602 non
1228 1577 1301 1602 esse
1326 1566 1488 1601 viderunt

288 1623 354 1659 viri
397 1623 505 1670 docti,
533 1634 679 1669 quorum
718 1625 896 1670 Grynaeus
935 1626 1096 1659 voculam
1132 1635 1195 1668 que
1233 1624 1487 1665 exterminavit,

288 1681 450 1717 Hertzius
478 1679 650 1730 paca[tis.
667 1710 674 1717 .
691 1680 833 1730 .]tisque
865 1682 1045 1718 scribendo
1070 1682 1231 1717 lacunam
1256 1682 1352 1717 hiare
1377 1681 1489 1726 suspi-

291 1741 387 1775 catus
414 1740 476 1775 est.
526 1739 810 1784 Improbabiliter
835 1742 991 1785 uterque,
1018 1749 1097 1775 cum
1121 1739 1340 1785 glossematis
1366 1748 1489 1784 oppor-

289 1798 375 1832 tuna
401 1796 538 1831 adesset
565 1797 707 1839 occasio,
745 1807 812 1842 quo
851 1798 985 1831 remoto
1010 1796 1060 1831 ita
1076 1797 1195 1832 Livius
1221 1796 1398 1841 scripsisse
1423 1806 1488 1840 pu-

289 1854 415 1890 tandus
454 1855 527 1890 est:
565 1853 784 1889 Claudius
816 1853 1005 1888 duarum
1033 1853 1230 1899 gentium
1265 1863 1347 1888 uno
1378 1862 1493 1887 anno

289 1912 444 1955 victor,
471 1912 585 1956 quod
607 1922 713 1948 raro
738 1912 861 1947 alius
886 1912 934 1946 in
960 1911 1492 1956 consulatu,pacatisque

286 1969 543 2014 provinciis
567 1968 744 2012 Rosmam
769 1968 967 2004 revertit.

406 2144 498 2189 XLI,
519 2144 574 2189 13,
592 2144 625 2181 5.
653 2143 869 2191 Scripturam
887 2144 1012 2181 codicis
1030 2140 1492 2179 DELIGURESOAPTUS·

296 2202 548 2239 AGERERAT
590 2202 630 2249 (f.
665 2203 701 2238 4Ϊ
732 2203 755 2238 l.
789 2202 827 2248 8)
866 2204 979 2238 ortam
1013 2212 1088 2237 esse
1126 2200 1322 2247 putaverim
1359 2209 1398 2234 ex
1428 2198 1494 2235 hoc

414 2360 435 2394 ¹)
456 2357 520 2393 Sic,
540 2366 600 2388 non
616 2356 813 2393 paccatisque
844 2355 891 2391 (cf.
914 2355 1029 2384 Hertzii
1048 2353 1269 2384 adnotationem
1296 2352 1439 2387 criticam)
1460 2352 1492 2381 in

301 2405 399 2436 codice
418 2404 539 2442 legitur.
