1721 2727
280 300 433 342 temporis
451 300 589 341 spatium
614 300 681 333 sere
705 300 822 333 cotidie
848 300 984 332 codicem
1010 309 1088 334 sane
1105 300 1368 341 pretiosissimum
1393 302 1478 334 trac-

281 360 352 391 tare
376 361 520 399 possem]
554 358 658 398 gratia
686 368 722 390 ac
752 357 946 390 liberalitate
978 357 1094 390 eximia
1123 358 1243 390 factum
1272 359 1323 390 est
1354 367 1459 391 eorum
1472 383 1479 396 ‚

281 415 335 456 qui
360 415 761 448 bibliothecae'Caesm-eae
787 409 955 447 Palatinae
981 415 1216 448 vindobonensi
1241 416 1396 457 praesunt
1421 414 1480 447 viri

281 474 472 513 clarissimi,
507 473 652 514 inprimis
685 474 853 506 Ernesti
888 473 913 505 B
924 472 1039 512 irkii,
1082 472 1291 515 bibliothecae
1326 472 1479 513 praefecti

280 531 508 571 illustrissimi,
541 530 710 571 Josephi
748 530 936 571 Hauptii,
971 530 1133 563 Alfredi
1170 530 1397 563 Goeldlinii
1435 529 1479 560 de

281 586 375 619 Tief
379 585 395 618 f
399 595 506 619 enan.

396 644 483 675 Viris
502 653 575 675 vero
596 645 633 675 de
650 643 765 675 studiis
782 643 861 675 meis
880 644 913 675 in
939 643 1120 675 universum
1146 644 1268 676 meritis
1294 654 1477 684 summeque

268 699 439 741 -colendis‚
459 710 529 732 cum
548 701 633 733 hanc
649 701 764 732 nactus
782 700 841 731 sim
859 699 1052 732 occasionem
1071 709 1136 736 non
1153 709 1281 740 possum
1298 710 1359 733 non
1377 700 1478 733 maxi-

280 766 348 789 mas
366 766 460 798 agere
478 758 619 798 gratias,
638 757 784 798 inprimis
809 756 1058 789 Emmanueli
1084 756 1182 789 Hoff
1187 767 1331 790 manno
1355 757 1477 798 profes-

280 814 344 846 sori
376 815 578 854 doctissimo,
617 815 705 847 cuius
730 814 847 855 insigni
872 815 905 846 et
936 813 1078 846 doctrina
1111 815 1142 846 et
1175 814 1391 848 benivolentia
1423 824 1478 855 per

279 873 429 912 quattuor
442 873 613 905 semestres
624 871 786 905 seminarii
800 871 920 905 sodalis
932 880 1006 904 usus
1020 879 1101 912 sum,
1119 871 1141 903 J
1148 873 1266 905 oanni
1285 872 1439 906 Vahlen
1448 881 1476 911 0,

282 930 370 961 cuius
388 930 576 969 disciplinae
594 938 642 961 me
659 939 715 969 per
732 938 849 960 annum
866 928 961 961 etiam
987 928 1086 960 fuisso
1103 928 1265 961 alumnum
1279 930 1373 969 grata
1389 939 1477 961 1111111-

281 996 373 1026 quam
398 986 520 1018 excidet
544 986 712 1025 memoria,
747 985 888 1018 Carolo
920 985 1177 1028 Schenkelio‚
1205 996 1295 1027 quem
1321 996 1390 1018 cum
1416 986 1478 1018 iam

281 1044 447 1076 admodum
466 1044 589 1076 iuvenis
607 1043 750 1084 ignotum
770 1043 845 1076 mihi
863 1044 963 1076 colere
977 1052 1013 1075 ac
1032 1043 1176 1076 venerari
1194 1045 1375 1085 coepissem,
1393 1053 1476 1075 nuuc

280 1102 314 1132 ut
339 1101 527 1141 magistrum
545 1101 693 1133 haberem
711 1100 788 1134 mihi
811 1100 961 1140 contigit3
991 1100 1104 1132 deinde
1129 1101 1225 1133 etiam
1244 1091 1476 1141 professoribus

280 1156 410 1198 optimis
435 1159 472 1191 A.
493 1158 636 1198 Conze,
663 1159 704 1191 M.
730 1158 986 1198 Buedinger‚
1013 1157 1048 1191 F.
1066 1158 1262 1199 Mueller,
1290 1159 1323 1192 C.
1342 1158 1474 1191 Toma-

279 1215 420 1253 schek,
462 1215 498 1248 R.
531 1215 727 1253 Heinzel‚
769 1215 806 1247 R.
840 1215 1145 1254 Zimmermann‚
1182 1216 1218 1248 F.
1252 1217 1474 1252 Brentano,

279 1272 344 1304 Th.
372 1272 494 1312 Vogt,
528 1282 660 1313 quorum
688 1271 993 1312 Buadingerus,·
1021 1271 1279 1316 Heinzelius,
1313 1274 1477 1313 praeterea

278 1329 372 1361 etiam
390 1330 449 1362 Th.
472 1330 681 1362 Sickelius
692 1356 699 1369 ,
718 1330 824 1361 studia
841 1330 919 1361 haec
935 1329 1072 1363 Liviana
1088 1332 1232 1370 prompto
1249 1330 1366 1362 auxilio
1383 1330 1474 1361 adiu-

279 1387 407 1419 varunt.
428 1405 473 1411 —
499 1387 643 1427 Denique
669 1396 722 1419 oro
747 1387 842 1427 atque
868 1384 1015 1426 obsecro',
1045 1388 1081 1418 ut
1105 1387 1287 1427 opusculum
1321 1387 1378 1418 hoc
1403 1386 1473 1426 qui-

279 1453 411 1485 cumque
436 1444 621 1485 inspicient,
654 1444 682 1476 si
707 1444 782 1485 quid
808 1444 911 1476 minus
941 1444 1138 1485 probaverim
1148 1469 1155 1483 ‚
1187 1454 1249 1477 non
1279 1454 1298 1477 a
1322 1444 1388 1476 viro
1413 1444 1474 1476 iam

279 1501 397 1542 pridem
423 1502 455 1533 in
482 1502 542 1534 hoc
562 1510 677 1542 genere
702 1501 876 1534 studiorum
902 1503 1039 1542 versato,
1057 1511 1165 1534 verum
1182 1502 1223 1533 ab
1246 1501 1372 1534 homine
1389 1501 1424 1533 in
1441 1511 1474 1533 re

278 1559 437 1591 littemria
453 1568 533 1592 novo
551 1559 728 1599 profectum
750 1568 820 1591 esse
845 1559 991 1592 benivole
1008 1560 1223 1592 recordentur.

394 1684 672 1724 vindobonae,
691 1694 720 1716 a.
739 1685 769 1718 d.
786 1684 848 1716 ΧΠ
875 1684 939 1717 kal.
957 1684 1051 1717 Mart.
1070 1682 1347 1716 MDCCCLXXVI.
