1721 2727
684 156 919 197 ..’97-

202 264 381 310 archetypi
404 266 620 309 compendio:
647 266 1349 305 DELIGURQSGAPTUSAGERERAT
1361 268 1396 312 ¹),
1437 307 1444 319 ,

204 321 294 364 quod
320 330 401 355 cum
427 321 625 368 neglegeret
657 323 717 367 qui
748 323 966 362 describebat
992 327 1045 360 vel
1070 324 1215 360 librario
1241 324 1397 361 dictabat

204 376 310 412 verba
335 378 461 414 codicis
497 381 751 424 pronuntiando
777 380 934 426 Liguris,
961 383 1112 426 deceptis
1144 381 1277 417 librarii
1302 381 1397 417 auri-

169 468 176 476 ,
203 434 267 469 bus
290 434 370 470 inde
395 438 536 472 enatum
561 438 614 472 est
629 436 787 482 Ia'qures.
815 437 927 482 Quare
952 441 1072 475 contra
1096 440 1321 484 Madvigium,
1340 439 1399 483 qui

203 489 244 525 de
274 491 406 541 Liyure
442 492 580 537 scribit,
622 504 702 529 cum
733 494 875 530 Hertzio
912 496 1145 540 reponendum
1186 496 1221 531 in
1264 496 1399 531 textum

205 550 411 584 censuerim:
437 549 493 584 De
517 550 711 595 Liguribus
735 552 766 586 is
790 554 913 595 eaptus
937 564 1019 597 aqer
1042 556 1127 587 erat.
1146 574 1191 579 —-
1208 553 1306 599 Haec
1328 552 1399 586 iam

205 605 422 650 scripseram,
462 616 543 642 cum
574 606 647 642 vidi
672 607 778 649 etiam
803 608 979 653 Madvigio
1006 609 1037 643 is
1070 618 1258 653 pronomen
1284 597 1398 643 vismn

206 672 280 698 esse
305 664 553 708 necessarium,
586 666 745 710 quamvis
770 667 848 710 post
873 668 995 711 captus
1020 667 1054 703 id
1079 665 1281 714 reposuerit.

319 880 420 922 XLI„
438 880 490 923 13,
518 881 645 923 8-14,
677 883 704 916 1.
740 879 814 927 (sol.
840 882 876 916 4¹
900 883 923 917 1.
950 882 1107 927 21-24)

341 931 345 934 ’
863 939 1182 982 ITAQUAETACI

399 994 1181 1032 TIUTIRATUSESSESENTIRESSECUTI

400 1051 1205 1090 SUNTCURRUSTRIUMPHUSDELIGURI

400 1108 1199 1155 BUSAGEBATURLIGURESPOSTQUAM

317 1176 357 1211 In
393 1176 447 1211 his
489 1177 613 1213 codicis
655 1178 768 1214 verbis
809 1179 943 1213 subesse
981 1178 1140 1214 lacunam
1175 1177 1395 1213 crediderunt

205 1233 270 1268 viri
311 1234 421 1276 docti,
471 1245 575 1278 quam
616 1235 840 1279 expleverunt
881 1235 998 1273 addito
1040 1236 1118 1279 post
1158 1246 1301 1270 currum
1344 1236 1397 1278 (ex

204 1301 330 1324 currus
366 1294 572 1332 correctum)
606 1292 662 1326 vel
687 1290 786 1325 Dum
811 1292 858 1326 is.
875 1319 882 1326 .
899 1320 906 1326 .
939 1295 979 1326 ut
1005 1291 1200 1337 Grynaeus,
1239 1292 1294 1326 vel
1319 1303 1398 1326 cum

205 1347 253 1383 «is.
269 1375 277 1383 .
293 1375 301 1383 .
333 1349 373 1381 u't
399 1347 572 1389 Dukerus,
606 1358 709 1392 quem
736 1348 844 1383 secuti
869 1350 949 1383 sunt
974 1350 1197 1390 recentiores,
1225 1348 1397 1390 Hertzius,

204 1404 412 1449 Madvigius.
463 1404 529 1440 Sed
561 1405 648 1440 mihi
673 1415 741 1441 non
768 1405 893 1441 leviter
918 1406 1080 1441 videntur
1113 1416 1253 1441 errasse.
1303 1405 1398 1440 Nam

206 1462 304 1507 signo
330 1462 561 1498 distinctionis
586 1462 714 1498 maiore
748 1465 825 1507 post
862 1473 1005 1497 currum
1037 1462 1148 1508 posito
1179 1462 1398 1507 gravissimis

206 1518 426 1562 implicamur
451 1519 726 1554 difficultatibus.
777 1519 953 1554 Habemus
978 1521 1070 1554 enim
1097 1520 1398 1561 constructionem,

322 1662 343 1697 ¹)
365 1660 436 1689 Eius
462 1661 578 1698 generis
610 1660 781 1697 compendia
810 1661 870 1689 iam
896 1662 928 1689 in
948 1660 1148 1698 superioribus
1169 1660 1279 1697 passim
1300 1659 1399 1688 arche-

205 1710 277 1746 typo
299 1708 514 1739 vindicavimus
535 1708 584 1744 (cf.
604 1717 678 1746 quae
698 1708 734 1737 dc
754 1708 871 1737 formis:
893 1707 1108 1737 TRIBUNAM
1121 1721 1157 1734 z
1169 1705 1400 1736 Titus-UNAM

205 1752 388 1786 :tribubus
397 1766 508 1791 wnam,·
522 1755 680 1786 UELI'I'IS
692 1769 728 1782 =
740 1756 871 1785 UELIT·
884 1768 920 1782 =
930 1756 1070 1786 velitibus
1085 1765 1173 1794 supra
1185 1756 1399 1793 exposuimus);

205 1812 293 1841 quare
313 1804 362 1833 hic
381 1804 510 1833 sufficiat
539 1804 643 1833 addere
669 1804 802 1841 exempla¹
831 1804 1028 1841 gravissima,
1059 1812 1182 1841 quorum
1212 1797 1338 1839 primum
1368 1803 1400 1830 in

205 1852 224 1881 f.
241 1853 290 1880 76*
302 1851 322 1880 l.
339 1853 355 1879 7
369 1851 476 1889 (XLII,
488 1854 533 1887 64,
546 1854 574 1887 7)
594 1852 755 1887 invenitur,
775 1851 826 1881 ubi
847 1851 987 1880 librarius
1001 1851 1086 1888 signo
1099 1850 1309 1883 distinctionis,
1322 1849 1401 1886 quod

204 1900 236 1929 in
256 1899 413 1937 archetypo
433 1899 563 1937 positum
584 1901 648 1928 erat
672 1898 1089 1936 (CASTRAMOUENT·IBI),
1113 1898 1275 1936 significari
1298 1898 1401 1927 termi-

202 1947 336 1976 nationis
349 1946 440 1976 IBUS
454 1947 664 1984 compendium,
672 1949 754 1975 ratus
768 1947 901 1984 scripsit:
922 1944 1401 1976 CASTRAMOUENTIBUSIBI.

206 1993 298 2025 —Cfi
319 2002 404 2032 porro
419 1993 440 2023 f.
464 1996 528 2023 132‘
547 1994 614 2025 1.27
637 1993 775 2031 (XLIIII,
797 1996 849 2030 32,
869 1996 899 2030 4)
920 1993 972 2023 ubi
992 1993 1103 2030 legitur
1123 1991 1399 2028 REGEMIPSUM-

206 2041 449 2080 CUPARENT1;
481 2043 624 2079 scriptum
645 2039 711 2071 erat·
727 2043 758 2070 in
778 2042 936 2079 archetypo
957 2040 1167 2071 CPAREN‘I'·
1190 2053 1226 2066 =
1248 2040 1333 2069 CUM
1354 2041 1401 2075 (de

206 2099 262 2128 quo
283 2089 455 2127 compendio
476 2089 554 2118 infra
584 2090 701 2127 agetur)
733 2089 1003 2125 PARENTIBUS,
1034 2088 1110 2118 unde
1140 2088 1284 2117 librarius
1314 2088 1401 2116 unius

205 2139 285 2169 vocis
317 2136 521 2176 compendium
555 2146 721 2175 supponens
749 2137 870 2167 verbum
903 2136 983 2166 istud
1016 2135 1150 2173 spurium
1185 2135 1243 2165 sibi
1275 2135 1400 2165 finxerit.

205 2186 330 2216 Prorsus
351 2187 450 2215 autem
469 2187 582 2223 aptum,
604 2193 661 2222 quo
682 2193 770 2214 causa
788 2184 860 2214 haec
879 2184 1017 2219 finiatur,
1038 2185 1084 2213 est
1099 2180 1288 2213 correctionis
1308 2191 1401 2220 exem7

204 2235 297 2272 plum,
310 2234 388 2271 quod
399 2232 641 2271 deprehendimus
653 2232 684 2261 in
696 2232 758 2261 cod.
769 2232 790 2261 f.
801 2235 829 2261 9‘
839 2233 859 2261 1.
871 2235 888 2261 8
900 2231 987 2268 (XLI,
1001 2233 1045 2267 19,
1060 2234 1090 2268 2)
1104 2223 1399 2267 LIGUREIB'USQ·;

205 2291 275 2312 nam
294 2280 349 2312 hoc
368 2289 482 2320 quoque
501 2280 564 2310 loco
584 2280 616 2308 in
636 2279 792 2318 archetypo
812 2279 903 2309 fuisse
922 2277 1062 2314 LIGUR·‚
1082 2278 1160 2317 quod
1181 2278 1321 2307 librarius
1341 2278 1402 2307 iam

206 2331 374 2369 expleturus
395 2330 492 2359 fuerat
504 2328 746 2359 terminationem
766 2328 804 2357 ab
824 2328 849 2357 E
862 2324 1021 2365 incipiente
1042 2327 1187 2362 adiciens,
1209 2327 1273 2356 luce
1293 2327 1402 2356 clarius

206 2378 338 2415 adparet.

1269 2425 1284 2450 7

1424 891 1482 915 XLI.
1501 891 1535 917 13,
1551 891 1566 913 8

1448 921 1511 944 -14,
1524 921 1544 941 1.
