1721 2727
719 175 972 221 -107÷

250 290 350 316 nemo
375 290 444 316 non
476 280 568 316 videt
599 280 809 325 explendum*
842 290 916 315 esse
954 279 1194 325 compendium
1228 279 1291 314 hoc
1324 280 1442 315 modo:

252 336 454 377 PROCfflIT.
483 336 580 382 Quod
605 337 749 373 verbum
776 341 814 373 ut
840 337 977 384 egregie
995 336 1153 382 quadrat,
1171 337 1222 373 ita
1246 336 1444 382 saepissime

250 397 435 440 usurpatur
460 406 479 431 a
504 395 625 437 Livi03'
646 395 689 430 cf.
717 395 810 443 XXI,
830 395 863 437 8,
881 396 904 430 5
931 396 998 430 tris
1014 394 1174 439 deinceps
1198 395 1310 430 turris
1334 405 1444 438 quan-

251 453 389 495 tumque
414 452 506 487 inter
530 462 589 487 eas
613 451 710 486 muri
741 454 817 486 erat
847 462 924 486 cum
956 452 1096 496 frayore
1127 452 1261 497 inqenti
1293 451 1445 495 proci-

252 508 430 552 derunt,·
466 508 567 552 XXI,
595 508 658 551 14,
697 508 719 543 2
753 508 864 543 turris
887 508 951 542 diu
976 510 1143 552 quassata
1166 508 1446 552 prociderat,-

252 565 379 609 XXVI,
406 566 462 609 23,
488 566 578 606 41in
603 565 686 600 aede
704 564 914 600 Concordiae
937 565 1100 608 Victoria,
1126 576 1213 609 quae
1238 565 1276 599 vin
1294 565 1445 600 culmine

251 626 341 666 erat,
375 623 528 668 fulmine
552 624 622 658 icta
646 623 853 667 decussaque
884 622 932 663 ad
966 621 1144 664 Victorias,
1170 633 1257 666 quae
1282 623 1322 656 in
1346 625 1444 657 ante-

250 680 333 724 fixis
357 682 468 723 erant,
494 680 604 714 haesit
629 690 735 724 neque
762 679 841 714 inde
869 679 1084 724 procidit;
1124 679 1258 721 XXXI,
1295 680 1358 722 46,
1401 680 1445 715 15

251 738 348 772 muri
372 744 503 782 quoque
523 747 613 781 pars
637 738 745 771 ariete
771 736 908 771 incusso
941 730 1097 772 subruta'
1117 736 1239 771 multis
1263 737 1337 771 iam
1362 736 1446 772 locis

247 794 529 838 prociderat‚·
566 793 671 837 XLV,
714 793 776 838 25,
817 794 834 828 1
878 792 1076 829 Secundum
1113 794 1217 829 talem
1253 795 1445 830 orationem

251 851 408 887 universi
439 861 564 885 rursus
588 851 899 895 prociderunt.
926 870 971 876 —-
999 851 1128 896 Legam
1161 852 1291 896 itaque:
1325 853 1444 896 sopi—

252 904 404 953 tusque
428 919 476 943 ex
500 907 656 943 semita
675 906 875 951 procidit
905 907 952 942 in
985 907 1159 943 declive.

366 1070 460 1115 Quae
487 1070 553 1106 viri
579 1069 671 1106 docti
696 1080 735 1105 ex
759 1069 958 1105 litterarum
984 1069 1167 1115 farragine,
1193 1079 1279 1115 quae
1309 1069 1346 1105 in
1373 1071 1443 1106 cod.

251 1128 278 1162 f.
305 1129 366 1163 35V
390 1128 412 1162 1.
436 1129 543 1169 1—2;
569 1127 680 1168 XLII,
708 1128 762 1169 19,
789 1127 811 1161 6
837 1127 1028 1161 invenitur:
1055 1126 1444 1172 SEDISCEPiNATIS-

253 1183 548 1227 QUEETSATIS,
569 1183 725 1228 gentium
751 1182 891 1218 nomina
915 1184 950 1217 et
977 1182 1124 1217 Maedos
1150 1183 1219 1227 (vel
1247 1183 1382 1229 Medos)
1410 1186 1444 1218 et

253 1240 386 1277 Caenos
398 1242 432 1276 et
446 1240 564 1275 Astios
586 1241 622 1275 et
639 1239 774 1276 Sintios
784 1241 819 1275 et
832 1239 1040 1275 Odomantos
1052 1241 1086 1275 et
1100 1239 1252 1284 Sapaeos
1268 1243 1303 1276 et
1321 1240 1445 1277 Serdos

253 1297 415 1343 expiscati
439 1298 532 1339 sunt,
557 1308 639 1332 num
665 1307 782 1332 revera
806 1295 891 1331 olim
915 1306 936 1331 a
961 1296 1057 1331 Livio
1075 1297 1189 1341 posita
1213 1297 1445 1345 fuerintssper-

252 1365 353 1400 quam
389 1355 519 1389 dubito.
569 1354 665 1389 Duae
696 1364 750 1388 res
775 1353 811 1388 in
837 1355 936 1389 tanta
960 1364 1075 1389 rerum
1101 1353 1346 1390 incertitudine
1371 1365 1444 1390 cer-

251 1413 308 1447 tae
341 1422 415 1447 esse
446 1411 629 1448 videntur:
672 1411 823 1455 primum
860 1410 1047 1457 significari
1081 1410 1248 1446 Thraciae
1280 1412 1445 1456 quosdam

252 1527 394 1570 adparet
419 1536 459 1560 ex
484 1526 525 1560 iis
551 1535 636 1570 quae
669 1526 831 1559 secuntur
865 1523 911 1569 (v.
938 1523 994 1570 7):
1033 1523 1108 1559 Hos
1144 1524 1262 1568 utique
1287 1525 1444 1570 populos,

252 1582 341 1627 quod
377 1582 419 1617 ab
456 1584 547 1627 teryo
578 1581 803 1616 Macedoniae
825 1580 1025 1631 *Threcia
1061 1583 1143 1616 esset
1174 1581 1374 1626 adsumptos
1406 1583 1446 1617 in

251 1639 442 1674 societatem
465 1639 678 1684 qaudebant3
705 1638 826 1673 deinde
852 1647 919 1673 non
943 1638 1036 1673 idem
1053 1638 1283 1673 deThrecum
1309 1640 1445 1685 legatis,

252 1697 343 1742 quod
368 1697 410 1732 de
436 1696 563 1740 ignotis
591 1695 662 1731 illis
688 1696 857 1741 gentibus·
876 1705 972 1741 posse
999 1695 1203 1740 praedicari,
1218 1696 1342 1742 quippe
1360 1707 1446 1742 quae

252 1763 315 1789 nec
339 1753 433 1798 ipsae
459 1754 588 1789 Romae
615 1754 756 1789 aderant
784 1764 843 1788 nec
867 1753 999 1798 legatos
1017 1763 1077 1798 pro
1103 1763 1139 1788 se
1164 1763 1316 1798 quaeque
1340 1755 1444 1790 mise-

251 1812 328 1846 rant
353 1810 552 1846 societatem
578 1810 767 1856 petituros3
806 1810 1001 1855 ceteroquin
1035 1811 1127 1846 enim
1152 1810 1203 1845 ita
1229 1813 1302 1846 erat
1327 1811 1444 1847 diceu-

251 1860 335 1904 dum
360 1870 435 1903 aut:
463 1867 513 1902 Et
539 1867 722 1911 Threcum,
750 1867 976 1903 Maedorum.
994 1896 1000 1903 .
1018 1895 1024 1902 .
1042 1896 1049 1903 .
1081 1879 1144 1912 que
1169 1868 1290 1913 leyatis
1323 1880 1444 1913 ..Ρε-

251 1925 417 1960 tentibus.
432 1952 439 1959 .
455 1952 463 1960 .
497 1927 574 1960 aut:
601 1925 648 1959 Et
674 1924 874 1966 Threcibus,
900 1924 1059 1959 Maedis.
1076 1953 1082 1959 .
1100 1953 1105 1958 .
1139 1936 1217 1968 que.
1235 1953 1241 1960 .
1259 1953 1265 1960 .
1295 1926 1445 1970 petenti-

251 1983 328 2018 bus.
344 2010 376 2017 ..
420 1981 598 2018 Nimirum
623 1982 794 2018 Threcum
820 1982 928 2028 legati
952 1983 992 2017 ut
1017 1984 1052 2017 et
1076 1981 1142 2017 sibi
1168 1986 1202 2017 et
1228 1983 1351 2018 amicis
1377 1983 1446 2018 illis

246 2039 410 2086 gentibus
450 2039 651 2075 societatem
687 2040 913 2086 impetrarent
944 2049 1081 2084 operam
1106 2039 1282 2075 dederunt.
1334 2040 1445 2085 Quam

251 2097 460 2133 sententiam
486 2106 553 2131 non
578 2096 693 2132 hercle
731 2097 886 2141 ineptam
918 2099 958 2132 ut
990 2096 1240 2142 nanciscamur,
1268 2098 1445 2138 medellae,

252 2165 338 2200 quae
364 2153 485 2189 fortior
512 2153 687 2188 nonnullis
713 2153 880 2197 videatur,
907 2153 972 2189 erit
1005 2152 1099 2188 locus
1123 2153 1160 2188 in
1187 2154 1317 2196 verbis,
1358 2164 1445 2199 quac

253 2211 389 2248 errandi
414 2210 599 2257 generibus
625 2211 729 2247 variis
753 2210 908 2247 conflatis
933 2210 1081 2246 maxime
1105 2211 1361 2256 perturbantur.
1390 2211 1445 2249 Sic

253 2270 346 2304 enim
378 2269 513 2304 Livium
546 2268 719 2313 scripsisse
758 2269 906 2304 conieci:
948 2267 1006 2302 Et
1047 2267 1254 2304 Threcum
1293 2269 1447 2314 leyatis

252 2325 338 2361 sibi
360 2324 680 2371 finitumisque
704 2320 745 2359 et
769 2324 882 2361 cocis
906 2324 1153 2360 societatem
1178 2325 1446 2361 amicitiam-

250 2393 328 2428 que
355 2381 634 2437 petentibus.
656 2409 663 2416 .
683 2409 711 2426 .,
739 2392 825 2427 quae
853 2382 956 2418 verba
981 2392 1060 2418 cum
1086 2393 1146 2428 per
1173 2384 1373 2428 compendia
1397 2384 1447 2420 sic

1465 1084 1534 1112 XLII,
1552 1086 1587 1110 19,
1604 1084 1626 1106 6.

176 1512 179 1514 ,
213 1468 215 1470 ’
252 1470 405 1514 populoS,
432 1478 578 1513 quorum
603 1468 745 1503 nomina
770 1469 908 1503 subesse
925 1467 1125 1512 Madvigius
1144 1461 1283 1513 quoque¹
1303 1469 1445 1513 viderat,
1480 1466 1487 1475 “
