1721 2727
84 757 167 781 XLIII.
185 758 219 783 20,
231 758 253 780 3.

86 1557 179 1583 XLIIII,
187 1559 208 1582 2,
220 1558 254 1578 12.

738 145 996 180 —116—

265 256 336 281 non
360 247 635 291 respondissent,
673 248 842 291 partim
867 248 913 282 in
939 248 1122 282 vincula
1147 249 1314 294 ductis,
1349 249 1466 283 invisa

264 305 350 337 erat.
385 303 497 348 Quare
522 304 573 338 ita
597 303 782 348 legendum
808 313 882 338 esse
902 304 1079 339 duxerim:
1106 307 1216 348 aput
1240 316 1280 340 se
1304 305 1466 350 templa

264 361 469 396 omnibus
501 361 771 396 ornamentis
802 360 1033 405 conpilata
1065 362 1296 407 spoliaque
1326 363 1468 398 sacri-

266 418 376 463 leyis
415 418 451 453 C.
487 418 737 453 Lucretium
779 418 967 453 navibus
1003 419 1185 453 Antium
1226 419 1465 464 devexisse,

266 474 405 510 libera
431 485 611 519 corpora
638 475 855 518 lacerata,
892 475 939 510 in
972 476 1228 512 servitutem
1265 477 1466 522 abrepta,

264 534 472 578 fortunas
496 534 708 568 sociorum
739 533 897 577 populi
934 533 1120 568 Romani
1151 534 1354 577 direptas
1378 544 1469 568 esse

265 592 301 623 et
326 589 486 624 cotidie
510 590 666 634 diripi.

381 740 512 785 XLIII,
532 741 588 785 20,
608 742 693 778 3...
720 742 907 788 Extemplo
933 742 1023 778 idem
1050 743 1155 789 leyati
1180 742 1300 778 addito
1317 741 1468 778 Glaucia

266 810 307 834 ex
345 810 488 835 numero
514 800 693 835 custodum
731 802 885 845 corporis
925 801 1151 835 remittuntur
1185 801 1260 835 sine
1298 800 1468 835 mentione

260 856 445 900 pecuniae,
472 867 542 900 qua
567 868 643 891 una
668 857 838 892 barbarus
857 858 957 901 inops
974 857 1099 901 inpelli
1117 857 1165 892 ad
1181 857 1306 892 bellum
1317 859 1466 901 poterat.

266 913 324 949 Ita
356 916 491 950 textum
525 915 754 950 restituerunt
787 916 821 950 et
851 915 1014 951 Hertzius
1042 916 1077 951 et
1107 915 1306 961 Madvigius
1333 917 1468 950 mutata

267 971 437 1015 scriptura
464 971 588 1006 codicis
614 971 748 1006 UNDA
773 972 809 1006 in
835 983 911 1005 una
937 972 1115 1016 eiectaque
1142 973 1265 1006 vocula
1282 982 1362 1013 non,
1382 982 1468 1016 quae

268 1029 347 1063 ante
378 1030 516 1071 poterat
557 1028 693 1074 legitur.
746 1027 876 1064 Contra
912 1028 1213 1065 Weissenbornius
1250 1029 1301 1064 ita
1338 1028 1466 1064 edidit:

267 1096 347 1129 qua
372 1096 458 1120 non
484 1085 590 1120 data
616 1086 829 1121 barbarus
861 1087 989 1130 inops
1021 1086 1186 1130 inpelli
1224 1085 1278 1120 ad
1315 1085 1468 1120 bellum

268 1153 354 1177 non
380 1145 572 1186 poterat.
624 1143 716 1187 Quae
748 1154 828 1178 cum
861 1154 881 1178 a
905 1143 1034 1179 litteris
1060 1143 1198 1178 traditis
1224 1143 1334 1178 obiter
1359 1142 1467 1187 inspi-

268 1199 373 1235 cienti
399 1200 504 1235 nimis
531 1201 714 1236 videantur
740 1202 916 1243 recedere,
944 1201 1002 1245 qui
1029 1200 1210 1246 archetypi
1236 1199 1468 1235 condicionem

267 1257 476 1304 perspexerit
515 1258 730 1292 levissimam
766 1258 893 1292 factam
932 1267 1005 1292 esse
1048 1257 1278 1293 mutationem
1318 1256 1468 1291 libenter

269 1315 443 1351 concedet.
470 1314 570 1361 jNam
597 1325 636 1349 ex
661 1315 839 1360 archetypi
865 1314 1037 1359 scriptura
1061 1314 1171 1354 NeDA
1191 1330 1234 1345 =
1252 1314 1318 1348 N⁰¹¹
1336 1314 1428 1349 D³²A
1444 1313 1470 1355 1>

268 1372 449 1408 librarium
475 1372 597 1407 fecisse
623 1372 757 1407 UNDA
780 1372 1007 1407 manifestum
1033 1372 1180 1407 videtur.

384 1541 530 1584 XLIIIL
558 1543 590 1586 2,
620 1543 663 1577 12
689 1543 779 1587 apud
806 1542 990 1577 Hertzium
1016 1542 1066 1577 ita
1091 1542 1240 1587 legitur:
1268 1543 1349 1586 Ipse
1366 1542 1469 1586 (Per-

268 1603 357 1642 seus)
384 1610 462 1634 eum
487 1598 633 1642 reliquis
658 1599 766 1642 copiis
785 1599 906 1642 primo
929 1599 1025 1633 circa
1050 1598 1164 1633 Dium
1189 1600 1319 1633 stativa
1336 1599 1470 1643 habuit,

268 1656 411 1698 deinde,
448 1655 551 1690 adeo
582 1658 625 1689 ut
657 1655 866 1699 obtorpuisse
891 1655 993 1699 >inops
1018 1655 1160 1690 consilii
1184 1655 1365 1697 videretur,
1393 1667 1471 1690 cum

269 1714 441 1757 equitibus
477 1712 649 1757 expeditis
680 1712 777 1747 litore
809 1724 903 1747 nunc
935 1712 1158 1758 Heracleam,
1198 1724 1291 1748 nunc
1323 1711 1471 1747 Philam

267 1770 490 1815 percurrebat
526 1769 640 1804 eodem
676 1769 757 1803 inde
794 1780 900 1805 cursu
938 1769 1053 1804 Dium
1089 1772 1253 1814 repetens.
1295 1790 1329 1795 —
1370 1770 1472 1805 Hanc

269 1829 454 1864 lectionem
496 1827 578 1863 ferri
620 1827 761 1871 nequire
804 1827 912 1862 sensit
962 1827 1162 1873 Madvigius
1204 1828 1469 1872 proposuitque:

269 1885 403 1927 deinde,
431 1885 572 1927 credo,
597 1896 645 1919 ne
669 1884 859 1928 obtorpuise
876 1885 1067 1920 videretur.
1085 1910 1093 1918 .
1109 1913 1117 1919 .
1134 1913 1139 1919 .
1166 1884 1232 1920 Sed
1250 1894 1343 1919 error
1361 1884 1473 1918 multo

270 1943 404 1978 facilior
429 1942 517 1976 mihi
543 1942 684 1977 subesse
711 1941 865 1984 videtur,
908 1952 987 1976 cum
1012 1940 1191 1984 librarius,
1234 1941 1293 1986 qui
1317 1941 1353 1975 in
1381 1941 1469 1975 eius-

389 2076 408 2109 ι)
431 2074 527 2102 Huius
549 2074 630 2102 verbi
652 2073 825 2110 compendia
845 2073 1004 2102 tritissima
1029 2073 1119 2101 fuisse
1144 2073 1298 2106 videntum
1334 2072 1370 2101 cf.
1398 2072 1471 2109 Aen,

270 2124 322 2156 IX,
348 2126 413 2159 153,
444 2123 496 2152 ubi
526 2123 571 2152 Pl
598 2120 855 2151 CIRCVMDATE
882 2122 929 2157 (z
952 2120 1189 2156 CIRCVMDME)
1210 2120 1329 2149 exhibet
1348 2127 1401 2155 pro
1421 2126 1472 2154 ge-

269 2173 361 2201 nuina
394 2171 475 2201 codd.
496 2170 594 2200 FMR
627 2170 776 2207 scriptura
813 2167 1069 2198 CIRCVMDARE
1100 2168 1148 2204 (=
1176 2165 1400 2196 CIRCVMwE
1434 2165 1471 2194 cf.

268 2220 359 2253 Ribb.
381 2221 401 2250 1.
422 2229 445 2250 c.
467 2229 495 2258 p.
512 2220 594 2256 280);
616 2219 687 2247 Aen.
704 2217 756 2255 IX,
777 2219 832 2246 462
854 2217 885 2245 in
903 2217 933 2246 P
946 2215 1224 2246 CIRCVMDASVS
1245 2216 1294 2252 (=
1307 2213 1472 2244 CIRCVM-

269 2268 377 2306 DMVS)
398 2277 450 2306 pro
471 2266 720 2298 CIRCVMDWS
747 2266 799 2302 (ib.
820 2274 847 2303 p.
870 2266 951 2301 255);
984 2273 1070 2302 porro
1102 2264 1133 2293 in
1154 2264 1209 2293 Gai
1238 2262 1310 2293 inst.
1338 2261 1384 2297 (cf.
1406 2262 1426 2290 l.
1448 2271 1470 2291 c.

270 2326 297 2354 p.
320 2318 387 2353 264)
408 2316 443 2345 D·
464 2315 577 2353 passim
597 2324 649 2352 pro
670 2315 745 2349 D·¹⁰;
774 2313 866 2342 etiam
886 2312 1093 2349 compendium
1115 2311 1168 2340 DE
1189 2323 1224 2337 =
1248 2310 1320 2339 D⁰E
1341 2310 1474 2338 invenies

273 2364 313 2393 ib.
336 2373 363 2401 p.
388 2365 441 2392 189
468 2364 489 2393 1.
514 2366 559 2392 14.
