1721 2727
731 174 989 208 —102—

258 278 304 313 tis
332 288 543 324 quamquam
574 277 726 313 obscuris
758 280 834 312 tum
861 288 902 312 ex
924 277 968 312 iis
992 287 1078 322 quae
1102 277 1311 322 praecedunt
1338 278 1457 322 aperte

260 337 428 381 sequitur,
455 336 578 381 quibus
593 335 770 370 Valerium
797 335 833 370 in
859 334 991 379 templo
1018 334 1125 369 fuisse
1151 337 1254 380 atque
1279 336 1461 380 propterea

261 394 441 437 auspicato
477 393 638 427 sortitum
677 393 870 428 edocemur.
922 392 1117 437 Opponitur
1154 392 1270 436 itaque
1313 392 1462 433 Valerio,

261 461 362 494 quem
387 449 569 493 auspicato
594 449 753 483 sortitum
779 448 975 493 constabat,
1000 448 1165 487 Petilius,
1192 458 1295 492 quem
1321 448 1460 493 quidem

263 508 423 542 sortitum
450 516 520 541 esse
545 516 614 540 non
640 507 746 550 negat
764 505 894 548 Livius,
913 506 1071 550 quamvis
1088 504 1214 540 vitium
1232 504 1268 539 in
1286 504 1464 540 sortiendo

262 565 393 599 factum
419 573 493 599 esse
525 563 664 598 indicet.
718 561 869 598 Sortitus
909 565 1025 598 autem
1063 565 1132 605 est,
1168 562 1197 597 si
1235 561 1316 607 quid
1352 561 1462 604 video,

263 620 413 655 Petilius
440 620 618 655 inferendo
645 622 771 655 sortem
798 620 835 654 in
868 620 1040 661 sitellam;
1083 620 1143 655 sed
1180 619 1215 654 id
1248 619 1332 654 fecit
1369 618 1464 660 vitii,

261 679 349 721 quod
368 679 494 713 extra
519 677 730 722 templum
750 679 877 712 sortem
892 677 928 712 in
942 676 1095 713 sitellam
1108 676 1231 711 intulit
1248 686 1358 721 neque
1371 676 1467 711 intra

262 735 385 779 templi
417 734 584 779 parietes,
625 734 684 769 sed
718 734 802 769 foris
836 734 1073 778 exspectabat,
1115 734 1229 768 utrius
1266 743 1339 768 sors
1372 736 1465 767 esset

262 793 408 826 exitura.
453 790 567 835 Quare
593 791 708 826 locum
735 791 799 826 hoc
824 792 924 826 modo
951 790 1225 832 emendaverim;
1253 789 1342 834 quod
1367 790 1478 824 extra‘

261 849 577 898 templum‘sortem
602 851 642 884 in
667 848 819 884 sitellam
844 848 997 884 inlatam
1020 849 1109 893 foris
1137 848 1212 893 ipse
1236 848 1464 893 opperiretur.

262 906 338 949 Qua
356 904 556 942 coniectura
571 908 716 951 probata
733 917 843 950 neque
860 909 960 940 extra
977 906 1142 949 templum
1166 906 1328 940 eiecimus
1353 916 1464 950 neque

261 963 415 999 sitellam
455 963 670 999 mutavimus
707 963 742 998 in
781 963 897 998 sitella
929 964 965 998 et
989 963 1177 999 vitavimus
1204 963 1338 999 foedam
1364 963 1465 999 illam

263 1022 446 1057 verborum
483 1021 760 1056 coniunctionem
801 1021 842 1055 in
878 1021 1029 1055 sitellam
1069 1022 1110 1054 in
1150 1021 1316 1064 templum
1354 1022 1465 1056 eiecta

263 1087 346 1113 voce
358 1077 597 1120 TEMPLUM‚
613 1087 717 1122 quam
730 1077 816 1112 nihil
831 1077 925 1128 aliud
940 1087 1014 1112 esse
1025 1076 1093 1112 nisi
1107 1077 1349 1122 compendium
1358 1087 1466 1122 prave

265 1134 440 1180 expletum
459 1135 561 1171 facile
579 1134 755 1180 probatur.
781 1135 920 1170 Etenim
941 1134 976 1169 in
996 1134 1179 1180 archetypo
1197 1135 1271 1170 erat
1288 1133 1464 1171 EXTRA-

262 1190 1120 1227 TEMPLUMSORTEMINSITELLAMINTAM
1146 1192 1180 1232 (i.
1206 1203 1235 1226 e.
1253 1191 1466 1236 IN¹²TAM);

263 1248 353 1293 quod
364 1248 605 1294 compendium
613 1259 692 1284 cum
700 1258 767 1283 non
774 1249 978 1293 perspiceret
987 1248 1046 1293 qui
1055 1248 1290 1294 apographum
1300 1248 1465 1291 exaravit,

261 1306 401 1349 scripsit
415 1307 551 1340 mutata
562 1305 593 1340 A
606 1305 641 1339 in
656 1306 704 1340 U:
724 1304 1006 1340 INTEMPLUM
1024 1305 1343 1350 (=1NT⁶”=111UM);
1363 1316 1468 1340 causa

262 1365 379 1397 autem
406 1362 532 1398 erroris
559 1362 663 1407 plana
689 1364 758 1405 est,
793 1372 857 1397 vox
882 1362 1040 1406 proxima
1065 1361 1463 1398 EXTRATEMPLUM.

263 1420 327 1464 Qui
343 1420 580 1465 apographum
600 1419 799 1456 emendavit
816 1421 934 1464 postea
951 1419 1008 1454 vel
1022 1430 1152 1455 novum
1169 1420 1248 1456 inde
1266 1421 1464 1465 descripsit,

264 1478 399 1511 detecto
427 1487 538 1511 errore
564 1477 809 1520 suprascripsit
834 1486 921 1520 quae
947 1486 1008 1520 pro
1027 1477 1257 1511 TEMPLUM
1282 1478 1466 1513 inserenda

264 1582 338 1616 erat
374 1591 493 1616 vocem
530 1581 711 1622 LATAM;
755 1591 858 1625 quam
897 1581 1142 1616 correctionem
1179 1533 1463 1618 INiffiffiijzaUM

264 1637 391 1671 codicis
407 1636 683 1671 vindobonensis
710 1636 877 1671 librarius
905 1637 961 1672 vel
986 1637 1028 1678 is,
1056 1638 1154 1671 cuius
1181 1638 1378 1683 apographo
1403 1639 1468 1673 ille

263 1705 347 1730 usus
374 1696 437 1738 est,
453 1695 503 1731 ita
517 1694 711 1740 descripsit,
739 1696 778 1730 ut
805 1696 839 1729 et
866 1704 1017 1730 errorem
1043 1697 1078 1729 et
1104 1695 1351 1731 correctionem
1369 1696 1468 1733 iuxta

264 1763 301 1787 se
327 1753 442 1796 posita
466 1752 917 1787 INTEMPLUMLATAM
943 1751 1089 1786 orationi
1115 1752 1290 1787 insereret.
1317 1754 1367 1788 Ex
1391 1753 1468 1788 OP-

265 1808 533 1845 PERIRETUR
552 1808 701 1853 denique
724 1808 960 1855 intellegitur,
992 1809 1161 1853 quomodo
1193 1808 1470 1847 OPORTERET

265 1868 346 1904 oriri
372 1866 544 1912 potuerit;
571 1866 740 1912 scriptum
763 1866 855 1901 enim
880 1866 984 1901 fuisse
1009 1866 1046 1901 in
1073 1866 1258 1913 archetypo
1285 1868 1379 1904 TUR
1404 1880 1469 1913 per

265 1925 325 1964 T·,
351 1925 441 1958 unde
453 1923 660 1958 oblitterato
686 1922 784 1967 signo
810 1922 870 1957 illo
896 1922 979 1958 satis
1006 1913 1125 1975 eriguo
1142 1924 1197 1958 vel
1211 1923 1329 1960 addito
1347 1926 1467 1961 eodem

264 1981 324 2016 ubi
354 1990 422 2016 non
452 1981 634 2026 oportebat
659 1978 757 2022 addi,
790 1981 910 2015 enatae
935 1981 1017 2015 suut
1042 1980 1237 2025 frequentes
1262 1981 1350 2018 istae
1375 1983 1469 2018 inter

267 2038 420 2073 activam
439 2040 473 2073 et
498 2039 673 2083 passivam
699 2047 784 2081 quas
810 2040 935 2073 vocant
961 2037 1090 2072 formas
1117 2039 1326 2074 mutationes
1338 2038 1383 2084 ¹);
1411 2040 1468 2074 cui

383 2202 404 2233 ¹)
426 2198 558 2227 Litteras
579 2199 633 2227 UR
654 2198 713 2226 iam
735 2198 768 2226 in
792 2198 950 2236 archetypo
971 2199 1017 2228 vel
1039 2201 1116 2228 certe
1137 2199 1315 2237 apographo,
1330 2199 1407 2228 unde
1420 2208 1467 2229 co-

265 2246 318 2274 dex
330 2245 568 2274 vindobonensis
582 2244 725 2280 manavit,
740 2253 963 2282 nonnumquam
977 2245 1071 2274 fuisse
1091 2254 1261 2283 suppressas
1275 2247 1365 2283 atque
1379 2246 1469 2284 signo

265 2296 385 2324 tantum
405 2295 526 2323 notatas
547 2302 581 2322 ex
601 2292 749 2322 erroribus
771 2292 879 2322 codicis
906 2293 1083 2331 quibusdam
1115 2294 1245 2323 constat.
1287 2293 1333 2324 Cf.
1355 2294 1374 2323 f.
1400 2298 1470 2325 103*

265 2342 284 2371 1.
310 2347 344 2372 15
375 2342 509 2379 (XLIJH,
540 2344 572 2376 2,
607 2342 653 2377 12)
684 2340 985 2372 UIDERECIRCUM
1006 2355 1042 2367 =
1066 2341 1401 2377 UIDERETURCUM3
1435 2343 1468 2372 in

265 2389 424 2426 archetypo
444 2389 544 2418 fuerat
574 2388 863 2424 UIDERE'PCUM,
894 2389 971 2418 unde
995 2389 1136 2418 librarius
1157 2389 1283 2418 fortasse
1304 2389 1397 2419 forma
1418 2390 1468 2419 lit-
