<?xml version="1.0" encoding="UTF-8"?>
<!DOCTYPE html PUBLIC "-//W3C//DTD XHTML 1.0 Transitional//EN"
    "http://www.w3.org/TR/xhtml1/DTD/xhtml1-transitional.dtd">
<html xmlns="http://www.w3.org/1999/xhtml" xml:lang="en" lang="en">
 <head>
  <title>
</title>
<meta http-equiv="Content-Type" content="text/html;charset=utf-8" />
  <meta name='ocr-system' content='tesseract 3.04.00' />
  <meta name='ocr-capabilities' content='ocr_page ocr_carea ocr_par ocr_line ocrx_word'/>
</head>
<body>
  <div class='ocr_page' id='page_1' title='image "4771788_0063.png"; bbox 0 0 1721 2727; ppageno 0'>
   <div class='ocr_carea' id='block_1_1' title="bbox 677 140 909 209">
    <p class='ocr_par' dir='ltr' id='par_1_1' title="bbox 677 140 909 209">
     <span class='ocr_line' id='line_1_1' title="bbox 677 140 909 209; baseline 0.009 -29"><span class='ocrx_word' id='word_1_1' title='bbox 677 176 720 180; x_wconf 83' lang='grc'>-</span> <span class='ocrx_word' id='word_1_2' title='bbox 752 156 837 209; x_wconf 65' lang='lat'><strong>⁸47¹</strong></span> <span class='ocrx_word' id='word_1_3' title='bbox 869 140 909 182; x_wconf 57' lang='grc'><strong>.-’</strong></span> 
     </span>
    </p>
   </div>
   <div class='ocr_carea' id='block_1_2' title="bbox 317 257 595 293">
    <p class='ocr_par' dir='ltr' id='par_1_2' title="bbox 317 257 595 293">
     <span class='ocr_line' id='line_1_2' title="bbox 317 257 595 293; baseline 0.004 -1"><span class='ocrx_word' id='word_1_4' title='bbox 317 257 542 293; x_wconf 81' lang='lat' dir='ltr'><strong>Editionis</strong></span> <span class='ocrx_word' id='word_1_5' title='bbox 567 258 595 293; x_wconf 93' lang='grc' dir='ltr'><strong>Ι.</strong></span> 
     </span>
    </p>
   </div>
   <div class='ocr_carea' id='block_1_3' title="bbox 982 259 1282 298">
    <p class='ocr_par' dir='ltr' id='par_1_3' title="bbox 982 259 1282 298">
     <span class='ocr_line' id='line_1_3' title="bbox 982 259 1282 298; baseline 0.01 -3"><span class='ocrx_word' id='word_1_6' title='bbox 982 259 1210 297; x_wconf 79' lang='lat' dir='ltr'><strong>Editionis</strong></span> <span class='ocrx_word' id='word_1_7' title='bbox 1236 262 1282 298; x_wconf 90' lang='lat' dir='ltr'><strong>H.</strong></span> 
     </span>
    </p>
   </div>
   <div class='ocr_carea' id='block_1_4' title="bbox 117 328 1480 382">
    <p class='ocr_par' dir='ltr' id='par_1_4' title="bbox 117 328 1480 382">
     <span class='ocr_line' id='line_1_4' title="bbox 117 328 1480 382; baseline 0.006 -17"><span class='ocrx_word' id='word_1_8' title='bbox 117 328 256 365; x_wconf 82' lang='lat' dir='ltr'>XLIIII</span> <span class='ocrx_word' id='word_1_9' title='bbox 272 328 330 371; x_wconf 90' lang='lat'><strong>34,</strong></span> <span class='ocrx_word' id='word_1_10' title='bbox 373 328 394 364; x_wconf 92' lang='lat'>8</span> <span class='ocrx_word' id='word_1_11' title='bbox 420 329 652 376; x_wconf 78' lang='lat' dir='ltr'><strong>bucculasque</strong></span> <span class='ocrx_word' id='word_1_12' title='bbox 670 333 785 367; x_wconf 84' lang='lat' dir='ltr'><strong>scuto·</strong></span> <span class='ocrx_word' id='word_1_13' title='bbox 834 330 1074 378; x_wconf 79' lang='lat' dir='ltr'><strong>bucculasque,</strong></span> <span class='ocrx_word' id='word_1_14' title='bbox 1089 336 1189 371; x_wconf 79' lang='lat' dir='ltr'><strong>scuta</strong></span> <span class='ocrx_word' id='word_1_15' title='bbox 1202 333 1265 370; x_wconf 83' lang='lat' dir='ltr'><strong>alii</strong></span> <span class='ocrx_word' id='word_1_16' title='bbox 1284 334 1480 382; x_wconf 63' lang='lat' dir='ltr'><strong>loricasque</strong></span> 
     </span>
    </p>
   </div>
   <div class='ocr_carea' id='block_1_5' title="bbox 187 458 205 534">
    <p class='ocr_par' dir='ltr' id='par_1_5' title="bbox 187 458 205 534">
     <span class='ocr_line' id='line_1_5' title="bbox 187 458 205 534; textangle 90"><span class='ocrx_word' id='word_1_17' title='bbox 187 458 205 534; x_wconf 65' lang='lat'><strong>³³</strong></span> 
     </span>
    </p>
   </div>
   <div class='ocr_carea' id='block_1_6' title="bbox 151 841 246 876">
    <p class='ocr_par' dir='ltr' id='par_1_6' title="bbox 151 841 246 876">
     <span class='ocr_line' id='line_1_6' title="bbox 151 841 185 876; textangle 90"><span class='ocrx_word' id='word_1_18' title='bbox 151 841 185 876; x_wconf 61' lang='grc' dir='ltr'><strong><em>Μ</em></strong></span> 
     </span>
     <span class='ocr_line' id='line_1_7' title="bbox 214 841 246 876; textangle 90"><span class='ocrx_word' id='word_1_19' title='bbox 214 841 246 876; x_wconf 68' lang='grc' dir='ltr'><strong>&lt;ε</strong></span> 
     </span>
    </p>
   </div>
   <div class='ocr_carea' id='block_1_7' title="bbox 186 627 212 1276">
    <p class='ocr_par' dir='ltr' id='par_1_7' title="bbox 186 627 212 1276">
     <span class='ocr_line' id='line_1_8' title="bbox 186 627 212 1276; textangle 90"><span class='ocrx_word' id='word_1_20' title='bbox 186 627 212 1276; x_wconf 55' lang='lat'><strong>:1:3332131-43333</strong></span> 
     </span>
    </p>
   </div>
   <div class='ocr_carea' id='block_1_8' title="bbox 187 1375 205 1735">
    <p class='ocr_par' dir='ltr' id='par_1_8' title="bbox 187 1375 205 1735">
     <span class='ocr_line' id='line_1_9' title="bbox 187 1375 205 1735; textangle 90"><span class='ocrx_word' id='word_1_21' title='bbox 187 1717 204 1735; x_wconf 71' lang='lat'><strong>:1</strong></span> <span class='ocrx_word' id='word_1_22' title='bbox 188 1660 204 1679; x_wconf 57' lang='grc' dir='ltr'>ὃ</span> <span class='ocrx_word' id='word_1_23' title='bbox 187 1547 205 1622; x_wconf 65' lang='lat'><strong>³3</strong></span> <span class='ocrx_word' id='word_1_24' title='bbox 188 1489 204 1509; x_wconf 71' lang='lat'><strong>:2</strong></span> <span class='ocrx_word' id='word_1_25' title='bbox 188 1432 204 1451; x_wconf 70' lang='lat'><strong>:¹</strong></span> <span class='ocrx_word' id='word_1_26' title='bbox 188 1375 204 1393; x_wconf 78' lang='lat'><strong>:1</strong></span> 
     </span>
    </p>
   </div>
   <div class='ocr_carea' id='block_1_9' title="bbox 187 1774 203 1852">
    <p class='ocr_par' dir='ltr' id='par_1_9' title="bbox 187 1774 203 1852">
     <span class='ocr_line' id='line_1_10' title="bbox 188 1774 203 1793; baseline 0 0"><span class='ocrx_word' id='word_1_27' title='bbox 188 1774 203 1793; x_wconf 81' lang='lat'><strong>⁷7</strong></span> 
     </span>
     <span class='ocr_line' id='line_1_11' title="bbox 187 1832 203 1852; baseline 0 0"><span class='ocrx_word' id='word_1_28' title='bbox 187 1832 203 1852; x_wconf 67' lang='lat'><strong>7!</strong></span> 
     </span>
    </p>
   </div>
   <div class='ocr_carea' id='block_1_10' title="bbox 278 387 796 828">
    <p class='ocr_par' dir='ltr' id='par_1_10' title="bbox 278 387 796 828">
     <span class='ocr_line' id='line_1_12' title="bbox 428 387 755 430; baseline 0.006 -9"><span class='ocrx_word' id='word_1_29' title='bbox 428 397 517 430; x_wconf 91' lang='lat' dir='ltr'><strong>rum,</strong></span> <span class='ocrx_word' id='word_1_30' title='bbox 544 387 606 423; x_wconf 90' lang='lat' dir='ltr'><strong>alii</strong></span> <span class='ocrx_word' id='word_1_31' title='bbox 630 388 755 423; x_wconf 88' lang='lat' dir='ltr'><strong>loricas</strong></span> 
     </span>
     <span class='ocr_line' id='line_1_13' title="bbox 280 443 571 483; baseline 0.007 -6"><span class='ocrx_word' id='word_1_32' title='bbox 280 443 337 483; x_wconf 89' lang='lat'><strong>35,</strong></span> <span class='ocrx_word' id='word_1_33' title='bbox 379 443 402 478; x_wconf 89' lang='lat'><strong>3</strong></span> <span class='ocrx_word' id='word_1_34' title='bbox 426 443 571 480; x_wconf 88' lang='lat' dir='ltr'><strong>obsideis</strong></span> 
     </span>
     <span class='ocr_line' id='line_1_14' title="bbox 279 499 796 543; baseline 0.004 -8"><span class='ocrx_word' id='word_1_35' title='bbox 279 499 336 543; x_wconf 89' lang='lat'>35,</span> <span class='ocrx_word' id='word_1_36' title='bbox 357 500 401 535; x_wconf 94' lang='grc'><strong>10</strong></span> <span class='ocrx_word' id='word_1_37' title='bbox 424 501 611 537; x_wconf 71' lang='lat' dir='ltr'><strong>Pei-rohos.</strong></span> <span class='ocrx_word' id='word_1_38' title='bbox 632 528 640 536; x_wconf 92' lang='lat'>.</span> <span class='ocrx_word' id='word_1_39' title='bbox 672 501 796 537; x_wconf 90' lang='lat' dir='ltr'><strong>Perre-</strong></span> 
     </span>
     <span class='ocr_line' id='line_1_15' title="bbox 426 557 796 592; baseline 0.008 -1"><span class='ocrx_word' id='word_1_40' title='bbox 426 557 519 592; x_wconf 90' lang='lat' dir='ltr'><strong>biam</strong></span> <span class='ocrx_word' id='word_1_41' title='bbox 793 581 796 586; x_wconf 88' lang='lat'>·</span> 
     </span>
     <span class='ocr_line' id='line_1_16' title="bbox 278 613 611 656; baseline 0.003 -8"><span class='ocrx_word' id='word_1_42' title='bbox 278 613 334 656; x_wconf 88' lang='grc'><strong>36,</strong></span> <span class='ocrx_word' id='word_1_43' title='bbox 376 613 399 648; x_wconf 88' lang='grc'>5</span> <span class='ocrx_word' id='word_1_44' title='bbox 423 613 611 649; x_wconf 87' lang='lat' dir='ltr'><strong>increscere</strong></span> 
     </span>
     <span class='ocr_line' id='line_1_17' title="bbox 278 670 546 715; baseline 0.004 -11"><span class='ocrx_word' id='word_1_45' title='bbox 278 670 335 712; x_wconf 91' lang='lat'>37,</span> <span class='ocrx_word' id='word_1_46' title='bbox 381 670 400 704; x_wconf 94' lang='lat'>7</span> <span class='ocrx_word' id='word_1_47' title='bbox 427 670 546 715; x_wconf 86' lang='lat' dir='ltr'><strong>fugere</strong></span> 
     </span>
     <span class='ocr_line' id='line_1_18' title="bbox 278 725 605 771; baseline 0 -9"><span class='ocrx_word' id='word_1_48' title='bbox 278 726 336 769; x_wconf 85' lang='lat'><strong>45,</strong></span> <span class='ocrx_word' id='word_1_49' title='bbox 356 727 401 762; x_wconf 92' lang='lat'><strong>15</strong></span> <span class='ocrx_word' id='word_1_50' title='bbox 426 725 605 771; x_wconf 83' lang='lat' dir='ltr'><strong>calipsum</strong></span> 
     </span>
     <span class='ocr_line' id='line_1_19' title="bbox 278 784 527 828; baseline 0 -9"><span class='ocrx_word' id='word_1_51' title='bbox 278 784 337 828; x_wconf 92' lang='lat'><strong>46,</strong></span> <span class='ocrx_word' id='word_1_52' title='bbox 356 785 399 819; x_wconf 93' lang='lat'><strong>11</strong></span> <span class='ocrx_word' id='word_1_53' title='bbox 426 784 527 820; x_wconf 88' lang='lat' dir='ltr'><strong>obuia</strong></span> 
     </span>
    </p>
   </div>
   <div class='ocr_carea' id='block_1_11' title="bbox 215 840 649 939">
    <p class='ocr_par' dir='ltr' id='par_1_11' title="bbox 215 840 649 939">
     <span class='ocr_line' id='line_1_20' title="bbox 248 840 608 884; baseline 0 -8"><span class='ocrx_word' id='word_1_54' title='bbox 248 869 256 884; x_wconf 93' lang='lat'>,</span> <span class='ocrx_word' id='word_1_55' title='bbox 278 842 332 883; x_wconf 89' lang='lat'>13,</span> <span class='ocrx_word' id='word_1_56' title='bbox 354 840 399 876; x_wconf 91' lang='lat'><strong>12</strong></span> <span class='ocrx_word' id='word_1_57' title='bbox 423 840 608 877; x_wconf 86' lang='lat' dir='ltr'><strong>Masinissa</strong></span> 
     </span>
     <span class='ocr_line' id='line_1_21' title="bbox 215 896 649 939; baseline -0.002 -6"><span class='ocrx_word' id='word_1_58' title='bbox 215 903 225 910; x_wconf 83' lang='grc'><em>“</em></span> <span class='ocrx_word' id='word_1_59' title='bbox 284 897 339 939; x_wconf 88' lang='grc'><strong>13,</strong></span> <span class='ocrx_word' id='word_1_60' title='bbox 359 897 404 933; x_wconf 87' lang='grc'><strong>15</strong></span> <span class='ocrx_word' id='word_1_61' title='bbox 428 896 649 934; x_wconf 82' lang='lat' dir='ltr'><strong>Masinissam</strong></span> 
     </span>
    </p>
   </div>
   <div class='ocr_carea' id='block_1_12' title="bbox 277 954 796 1858">
    <p class='ocr_par' dir='ltr' id='par_1_12' title="bbox 282 954 794 997">
     <span class='ocr_line' id='line_1_22' title="bbox 282 954 794 997; baseline 0.002 -8"><span class='ocrx_word' id='word_1_62' title='bbox 282 954 337 997; x_wconf 88' lang='lat'>13,</span> <span class='ocrx_word' id='word_1_63' title='bbox 359 955 403 990; x_wconf 89' lang='lat'><strong>16</strong></span> <span class='ocrx_word' id='word_1_64' title='bbox 429 957 460 988; x_wconf 81' lang='lat' dir='ltr'><strong>et</strong></span> <span class='ocrx_word' id='word_1_65' title='bbox 480 955 534 997; x_wconf 87' lang='grc'><strong>14,</strong></span> <span class='ocrx_word' id='word_1_66' title='bbox 553 955 575 990; x_wconf 93' lang='grc'>8</span> <span class='ocrx_word' id='word_1_67' title='bbox 594 954 794 990; x_wconf 83' lang='lat' dir='ltr'><strong>Masinissae</strong></span> 
     </span>
    </p>

    <p class='ocr_par' dir='ltr' id='par_1_13' title="bbox 281 1011 648 1053">
     <span class='ocr_line' id='line_1_23' title="bbox 281 1011 648 1053; baseline 0.005 -8"><span class='ocrx_word' id='word_1_68' title='bbox 281 1011 336 1053; x_wconf 84' lang='lat'><strong>14,</strong></span> <span class='ocrx_word' id='word_1_69' title='bbox 382 1013 399 1046; x_wconf 92' lang='lat'>1</span> <span class='ocrx_word' id='word_1_70' title='bbox 425 1011 648 1047; x_wconf 84' lang='lat' dir='ltr'><strong>Masinissam</strong></span> 
     </span>
    </p>

    <p class='ocr_par' dir='ltr' id='par_1_14' title="bbox 282 1069 521 1115">
     <span class='ocr_line' id='line_1_24' title="bbox 282 1069 521 1115; baseline 0 -11"><span class='ocrx_word' id='word_1_71' title='bbox 282 1069 335 1113; x_wconf 90' lang='lat'>17,</span> <span class='ocrx_word' id='word_1_72' title='bbox 378 1070 401 1106; x_wconf 87' lang='grc'><strong><em>3</em></strong></span> <span class='ocrx_word' id='word_1_73' title='bbox 427 1069 521 1115; x_wconf 87' lang='lat' dir='ltr'><strong>Serg.</strong></span> 
     </span>
    </p>

    <p class='ocr_par' dir='ltr' id='par_1_15' title="bbox 280 1126 589 1169">
     <span class='ocr_line' id='line_1_25' title="bbox 280 1126 589 1169; baseline -0.006 -7"><span class='ocrx_word' id='word_1_74' title='bbox 280 1127 337 1169; x_wconf 91' lang='lat'>20,</span> <span class='ocrx_word' id='word_1_75' title='bbox 381 1127 403 1162; x_wconf 90' lang='grc'>6</span> <span class='ocrx_word' id='word_1_76' title='bbox 427 1126 589 1162; x_wconf 88' lang='lat' dir='ltr'><strong>Lautiam</strong></span> 
     </span>
    </p>

    <p class='ocr_par' dir='ltr' id='par_1_16' title="bbox 278 1182 576 1229">
     <span class='ocr_line' id='line_1_26' title="bbox 278 1182 576 1229; baseline 0 -11"><span class='ocrx_word' id='word_1_77' title='bbox 278 1183 335 1229; x_wconf 90' lang='lat'>22,</span> <span class='ocrx_word' id='word_1_78' title='bbox 377 1183 401 1218; x_wconf 95' lang='lat'>5</span> <span class='ocrx_word' id='word_1_79' title='bbox 425 1182 576 1218; x_wconf 85' lang='lat' dir='ltr'><strong>uincatis</strong></span> 
     </span>
    </p>

    <p class='ocr_par' dir='ltr' id='par_1_17' title="bbox 281 1240 793 1333">
     <span class='ocr_line' id='line_1_27' title="bbox 281 1240 793 1285; baseline -0.002 -9"><span class='ocrx_word' id='word_1_80' title='bbox 281 1240 338 1285; x_wconf 90' lang='grc'><strong>26,</strong></span> <span class='ocrx_word' id='word_1_81' title='bbox 359 1240 403 1276; x_wconf 89' lang='grc'><strong>13</strong></span> <span class='ocrx_word' id='word_1_82' title='bbox 428 1240 624 1276; x_wconf 83' lang='lat' dir='ltr'><strong>Tirustaras</strong></span> <span class='ocrx_word' id='word_1_83' title='bbox 666 1240 793 1275; x_wconf 83' lang='lat' dir='ltr'><strong>Inittas</strong></span> 
     </span>
     <span class='ocr_line' id='line_1_28' title="bbox 428 1297 618 1333; baseline -0.011 0"><span class='ocrx_word' id='word_1_84' title='bbox 428 1297 618 1333; x_wconf 79' lang='lat' dir='ltr'><strong>Olciniatas</strong></span> 
     </span>
    </p>

    <p class='ocr_par' dir='ltr' id='par_1_18' title="bbox 280 1358 643 1401">
     <span class='ocr_line' id='line_1_29' title="bbox 280 1358 643 1401; baseline -0.003 -7"><span class='ocrx_word' id='word_1_85' title='bbox 280 1360 337 1401; x_wconf 90' lang='lat'><strong>26,</strong></span> <span class='ocrx_word' id='word_1_86' title='bbox 359 1360 404 1395; x_wconf 89' lang='lat'><strong>15</strong></span> <span class='ocrx_word' id='word_1_87' title='bbox 429 1358 643 1395; x_wconf 86' lang='lat' dir='ltr'><strong>Olceratinos</strong></span> 
     </span>
    </p>

    <p class='ocr_par' dir='ltr' id='par_1_19' title="bbox 281 1414 793 1459">
     <span class='ocr_line' id='line_1_30' title="bbox 281 1414 793 1459; baseline -0.004 -7"><span class='ocrx_word' id='word_1_88' title='bbox 281 1417 337 1459; x_wconf 86' lang='lat'>31,</span> <span class='ocrx_word' id='word_1_89' title='bbox 359 1417 401 1452; x_wconf 94' lang='lat'><strong>11</strong></span> <span class='ocrx_word' id='word_1_90' title='bbox 430 1415 555 1452; x_wconf 88' lang='lat' dir='ltr'><strong>Acheis</strong></span> <span class='ocrx_word' id='word_1_91' title='bbox 580 1415 663 1458; x_wconf 84' lang='lat' dir='ltr'><strong>(cod.</strong></span> <span class='ocrx_word' id='word_1_92' title='bbox 690 1414 793 1459; x_wconf 87' lang='lat' dir='ltr'><strong>aceis)</strong></span> 
     </span>
    </p>

    <p class='ocr_par' dir='ltr' id='par_1_20' title="bbox 279 1473 551 1519">
     <span class='ocr_line' id='line_1_31' title="bbox 279 1473 551 1519; baseline -0.004 -10"><span class='ocrx_word' id='word_1_93' title='bbox 279 1474 336 1516; x_wconf 90' lang='lat'>32,</span> <span class='ocrx_word' id='word_1_94' title='bbox 379 1477 400 1511; x_wconf 90' lang='lat'>6</span> <span class='ocrx_word' id='word_1_95' title='bbox 426 1473 551 1519; x_wconf 84' lang='lat' dir='ltr'><strong>aliquis</strong></span> 
     </span>
    </p>

    <p class='ocr_par' dir='ltr' id='par_1_21' title="bbox 281 1531 630 1575">
     <span class='ocr_line' id='line_1_32' title="bbox 281 1531 630 1575; baseline -0.006 -8"><span class='ocrx_word' id='word_1_96' title='bbox 281 1532 338 1575; x_wconf 90' lang='lat'>33,</span> <span class='ocrx_word' id='word_1_97' title='bbox 384 1532 402 1566; x_wconf 97' lang='grc'>1</span> <span class='ocrx_word' id='word_1_98' title='bbox 429 1531 630 1575; x_wconf 80' lang='lat' dir='ltr'><strong>Lunamque</strong></span> 
     </span>
    </p>

    <p class='ocr_par' dir='ltr' id='par_1_22' title="bbox 279 1586 796 1631">
     <span class='ocr_line' id='line_1_33' title="bbox 279 1586 796 1631; baseline 0 -9"><span class='ocrx_word' id='word_1_99' title='bbox 279 1588 337 1629; x_wconf 88' lang='lat'><strong>34,</strong></span> <span class='ocrx_word' id='word_1_100' title='bbox 359 1588 403 1622; x_wconf 87' lang='lat'><strong>14</strong></span> <span class='ocrx_word' id='word_1_101' title='bbox 427 1588 516 1623; x_wconf 89' lang='lat' dir='ltr'><strong>inter</strong></span> <span class='ocrx_word' id='word_1_102' title='bbox 529 1588 603 1622; x_wconf 89' lang='lat' dir='ltr'><strong>tam</strong></span> <span class='ocrx_word' id='word_1_103' title='bbox 617 1586 796 1631; x_wconf 88' lang='lat' dir='ltr'><strong>opulentos</strong></span> 
     </span>
    </p>

    <p class='ocr_par' dir='ltr' id='par_1_23' title="bbox 279 1643 711 1687">
     <span class='ocr_line' id='line_1_34' title="bbox 279 1643 711 1687; baseline -0.005 -7"><span class='ocrx_word' id='word_1_104' title='bbox 279 1644 337 1687; x_wconf 83' lang='lat'><strong>35,</strong></span> <span class='ocrx_word' id='word_1_105' title='bbox 380 1644 402 1680; x_wconf 93' lang='lat'>6</span> <span class='ocrx_word' id='word_1_106' title='bbox 427 1643 514 1679; x_wconf 92' lang='lat' dir='ltr'><strong>nihil</strong></span> <span class='ocrx_word' id='word_1_107' title='bbox 538 1643 711 1679; x_wconf 81' lang='lat' dir='ltr'><strong>relicturis</strong></span> 
     </span>
    </p>

    <p class='ocr_par' dir='ltr' id='par_1_24' title="bbox 279 1701 563 1746">
     <span class='ocr_line' id='line_1_35' title="bbox 279 1701 563 1746; baseline -0.004 -10"><span class='ocrx_word' id='word_1_108' title='bbox 279 1702 335 1743; x_wconf 88' lang='grc'>38,</span> <span class='ocrx_word' id='word_1_109' title='bbox 378 1702 400 1736; x_wconf 91' lang='grc'>9</span> <span class='ocrx_word' id='word_1_110' title='bbox 425 1701 563 1746; x_wconf 81' lang='lat' dir='ltr'><strong>ingrata</strong></span> 
     </span>
    </p>

    <p class='ocr_par' dir='ltr' id='par_1_25' title="bbox 279 1758 735 1803">
     <span class='ocr_line' id='line_1_36' title="bbox 279 1758 735 1803; baseline -0.004 -9"><span class='ocrx_word' id='word_1_111' title='bbox 279 1758 336 1802; x_wconf 89' lang='lat'><strong>39,</strong></span> <span class='ocrx_word' id='word_1_112' title='bbox 378 1758 399 1794; x_wconf 92' lang='grc'>8</span> <span class='ocrx_word' id='word_1_113' title='bbox 425 1758 553 1803; x_wconf 88' lang='lat' dir='ltr'><strong>pudore</strong></span> <span class='ocrx_word' id='word_1_114' title='bbox 578 1758 735 1793; x_wconf 85' lang='lat' dir='ltr'><strong>nostrum</strong></span> 
     </span>
    </p>

    <p class='ocr_par' dir='ltr' id='par_1_26' title="bbox 277 1808 663 1858">
     <span class='ocr_line' id='line_1_37' title="bbox 277 1808 663 1858; baseline -0.003 -6"><span class='ocrx_word' id='word_1_115' title='bbox 277 1816 335 1858; x_wconf 88' lang='lat'><strong>44,</strong></span> <span class='ocrx_word' id='word_1_116' title='bbox 355 1817 400 1852; x_wconf 78' lang='lat'><strong>15</strong></span> <span class='ocrx_word' id='word_1_117' title='bbox 424 1816 628 1852; x_wconf 84' lang='lat' dir='ltr'><strong>Masinissae</strong></span> <span class='ocrx_word' id='word_1_118' title='bbox 659 1808 663 1816; x_wconf 63' lang='lat'>⁵</span> 
     </span>
    </p>
   </div>
   <div class='ocr_carea' id='block_1_13' title="bbox 844 445 1318 542">
    <p class='ocr_par' dir='ltr' id='par_1_27' title="bbox 844 445 1318 542">
     <span class='ocr_line' id='line_1_38' title="bbox 844 445 978 481; baseline 0 0"><span class='ocrx_word' id='word_1_119' title='bbox 844 445 978 481; x_wconf 85' lang='lat' dir='ltr'><strong>obsides</strong></span> 
     </span>
     <span class='ocr_line' id='line_1_39' title="bbox 844 501 1318 542; baseline 0.011 -5"><span class='ocrx_word' id='word_1_120' title='bbox 844 501 1045 541; x_wconf 87' lang='lat' dir='ltr'><strong>Perraebos.</strong></span> <span class='ocrx_word' id='word_1_121' title='bbox 1062 530 1069 538; x_wconf 95' lang='lat'>.</span> <span class='ocrx_word' id='word_1_122' title='bbox 1096 504 1318 542; x_wconf 87' lang='lat' dir='ltr'><strong>Perraebiam</strong></span> 
     </span>
    </p>
   </div>
   <div class='ocr_carea' id='block_1_14' title="bbox 841 616 1415 1283">
    <p class='ocr_par' dir='ltr' id='par_1_28' title="bbox 841 616 1047 823">
     <span class='ocr_line' id='line_1_40' title="bbox 843 616 1047 652; baseline 0.01 -2"><span class='ocrx_word' id='word_1_123' title='bbox 843 616 1047 652; x_wconf 73' lang='lat' dir='ltr'><strong>incresceret</strong></span> 
     </span>
     <span class='ocr_line' id='line_1_41' title="bbox 846 672 978 719; baseline 0.015 -12"><span class='ocrx_word' id='word_1_124' title='bbox 846 672 978 719; x_wconf 86' lang='lat' dir='ltr'><strong>fulgere</strong></span> 
     </span>
     <span class='ocr_line' id='line_1_42' title="bbox 841 727 1022 775; baseline 0.017 -12"><span class='ocrx_word' id='word_1_125' title='bbox 841 727 1022 775; x_wconf 88' lang='lat' dir='ltr'><strong>Galipsum</strong></span> 
     </span>
     <span class='ocr_line' id='line_1_43' title="bbox 843 785 984 823; baseline 0.014 -2"><span class='ocrx_word' id='word_1_126' title='bbox 843 785 984 823; x_wconf 88' lang='lat' dir='ltr'><strong>obuiam</strong></span> 
     </span>
    </p>

    <p class='ocr_par' dir='ltr' id='par_1_29' title="bbox 843 844 1080 1108">
     <span class='ocr_line' id='line_1_44' title="bbox 843 844 1039 880; baseline 0.005 -1"><span class='ocrx_word' id='word_1_127' title='bbox 843 844 878 879; x_wconf 83' lang='lat' dir='ltr'><strong>M</strong></span> <span class='ocrx_word' id='word_1_128' title='bbox 883 844 1039 880; x_wconf 84' lang='lat' dir='ltr'><strong>asanissa</strong></span> 
     </span>
     <span class='ocr_line' id='line_1_45' title="bbox 845 900 1080 938; baseline 0.013 -3"><span class='ocrx_word' id='word_1_129' title='bbox 845 900 1080 938; x_wconf 86' lang='lat' dir='ltr'><strong>Masanissam</strong></span> 
     </span>
     <span class='ocr_line' id='line_1_46' title="bbox 844 957 1055 994; baseline 0.005 -2"><span class='ocrx_word' id='word_1_130' title='bbox 844 957 1055 994; x_wconf 85' lang='lat' dir='ltr'><strong>Masanissae</strong></span> 
     </span>
     <span class='ocr_line' id='line_1_47' title="bbox 844 1015 1074 1051; baseline 0.004 -1"><span class='ocrx_word' id='word_1_131' title='bbox 844 1015 1074 1051; x_wconf 86' lang='lat' dir='ltr'><strong>Masanissam</strong></span> 
     </span>
     <span class='ocr_line' id='line_1_48' title="bbox 845 1071 916 1108; baseline 0 0"><span class='ocrx_word' id='word_1_132' title='bbox 845 1071 916 1108; x_wconf 84' lang='lat' dir='ltr'><strong>Ser.</strong></span> 
     </span>
    </p>

    <p class='ocr_par' dir='ltr' id='par_1_30' title="bbox 842 1130 1415 1283">
     <span class='ocr_line' id='line_1_49' title="bbox 842 1130 951 1165; baseline 0.009 -1"><span class='ocrx_word' id='word_1_133' title='bbox 842 1130 951 1165; x_wconf 87' lang='lat' dir='ltr'><strong>lautia</strong></span> 
     </span>
     <span class='ocr_line' id='line_1_50' title="bbox 843 1186 1030 1222; baseline 0.005 -1"><span class='ocrx_word' id='word_1_134' title='bbox 843 1186 1030 1222; x_wconf 82' lang='lat' dir='ltr'><strong>uindicatis</strong></span> 
     </span>
     <span class='ocr_line' id='line_1_51' title="bbox 842 1243 1415 1283; baseline 0.005 -4"><span class='ocrx_word' id='word_1_135' title='bbox 842 1243 998 1280; x_wconf 76' lang='lat' dir='ltr'><strong>&#39;Pirustas</strong></span> <span class='ocrx_word' id='word_1_136' title='bbox 1025 1244 1199 1281; x_wconf 85' lang='lat' dir='ltr'><strong>Rizonitas</strong></span> <span class='ocrx_word' id='word_1_137' title='bbox 1225 1244 1415 1283; x_wconf 76' lang='lat' dir='ltr'><strong>Olciniatas</strong></span> 
     </span>
    </p>
   </div>
   <div class='ocr_carea' id='block_1_15' title="bbox 840 1358 1145 1851">
    <p class='ocr_par' dir='ltr' id='par_1_31' title="bbox 840 1358 1039 1575">
     <span class='ocr_line' id='line_1_52' title="bbox 847 1358 1039 1394; baseline 0 -1"><span class='ocrx_word' id='word_1_138' title='bbox 847 1358 1039 1394; x_wconf 86' lang='lat' dir='ltr'><strong>Olciniatas</strong></span> 
     </span>
     <span class='ocr_line' id='line_1_53' title="bbox 843 1414 993 1451; baseline 0 -1"><span class='ocrx_word' id='word_1_139' title='bbox 843 1414 993 1451; x_wconf 86' lang='lat' dir='ltr'><strong>Achaeis</strong></span> 
     </span>
     <span class='ocr_line' id='line_1_54' title="bbox 842 1472 1014 1517; baseline 0.006 -10"><span class='ocrx_word' id='word_1_140' title='bbox 842 1472 1014 1517; x_wconf 84' lang='lat' dir='ltr'><strong>aliquibus</strong></span> 
     </span>
     <span class='ocr_line' id='line_1_55' title="bbox 840 1530 1016 1575; baseline 0 -10"><span class='ocrx_word' id='word_1_141' title='bbox 840 1530 1016 1575; x_wconf 85' lang='lat' dir='ltr'><strong>Luamque</strong></span> 
     </span>
    </p>

    <p class='ocr_par' dir='ltr' id='par_1_32' title="bbox 841 1586 1145 1851">
     <span class='ocr_line' id='line_1_56' title="bbox 845 1586 1142 1631; baseline 0 -10"><span class='ocrx_word' id='word_1_142' title='bbox 845 1587 939 1621; x_wconf 89' lang='lat' dir='ltr'><strong>inter</strong></span> <span class='ocrx_word' id='word_1_143' title='bbox 962 1586 1142 1631; x_wconf 87' lang='lat' dir='ltr'><strong>opulentos</strong></span> 
     </span>
     <span class='ocr_line' id='line_1_57' title="bbox 842 1642 1145 1679; baseline 0.007 -2"><span class='ocrx_word' id='word_1_144' title='bbox 842 1642 931 1678; x_wconf 90' lang='lat' dir='ltr'><strong>nihil</strong></span> <span class='ocrx_word' id='word_1_145' title='bbox 960 1643 1145 1679; x_wconf 86' lang='lat' dir='ltr'><strong>relicturus</strong></span> 
     </span>
     <span class='ocr_line' id='line_1_58' title="bbox 843 1700 1041 1745; baseline 0.005 -11"><span class='ocrx_word' id='word_1_146' title='bbox 843 1700 880 1735; x_wconf 91' lang='lat' dir='ltr'><strong>in</strong></span> <span class='ocrx_word' id='word_1_147' title='bbox 905 1700 1041 1745; x_wconf 87' lang='lat' dir='ltr'><strong>ingrata</strong></span> 
     </span>
     <span class='ocr_line' id='line_1_59' title="bbox 843 1756 1111 1803; baseline 0 -10"><span class='ocrx_word' id='word_1_148' title='bbox 843 1756 970 1803; x_wconf 88' lang='lat' dir='ltr'><strong>pudore</strong></span> <span class='ocrx_word' id='word_1_149' title='bbox 996 1759 1111 1794; x_wconf 86' lang='lat' dir='ltr'><strong>nostro</strong></span> 
     </span>
     <span class='ocr_line' id='line_1_60' title="bbox 841 1814 1051 1851; baseline 0.005 -1"><span class='ocrx_word' id='word_1_150' title='bbox 841 1814 1051 1851; x_wconf 85' lang='lat' dir='ltr'><strong>Masanissae</strong></span> 
     </span>
    </p>
   </div>
   <div class='ocr_carea' id='block_1_16' title="bbox 310 1902 1572 1947">
    <p class='ocr_par' dir='ltr' id='par_1_33' title="bbox 310 1902 1572 1947">
     <span class='ocr_line' id='line_1_61' title="bbox 310 1902 1572 1947; baseline -0.001 -11"><span class='ocrx_word' id='word_1_151' title='bbox 310 1903 410 1936; x_wconf 83' lang='lat' dir='ltr'><strong>Unde</strong></span> <span class='ocrx_word' id='word_1_152' title='bbox 428 1902 613 1937; x_wconf 75' lang='lat' dir='ltr'><strong>editionem</strong></span> <span class='ocrx_word' id='word_1_153' title='bbox 630 1903 786 1942; x_wconf 84' lang='lat' dir='ltr'><strong>alteram,</strong></span> <span class='ocrx_word' id='word_1_154' title='bbox 800 1911 865 1946; x_wconf 91' lang='lat' dir='ltr'><strong>quo</strong></span> <span class='ocrx_word' id='word_1_155' title='bbox 883 1902 1022 1946; x_wconf 83' lang='lat' dir='ltr'><strong>propius</strong></span> <span class='ocrx_word' id='word_1_156' title='bbox 1041 1903 1224 1937; x_wconf 82' lang='lat' dir='ltr'><strong>veritatem</strong></span> <span class='ocrx_word' id='word_1_157' title='bbox 1237 1904 1390 1947; x_wconf 86' lang='lat' dir='ltr'><strong>plerum·</strong></span> <span class='ocrx_word' id='word_1_158' title='bbox 1400 1914 1436 1936; x_wconf 65' lang='lat' dir='ltr'><strong>aa</strong></span> <span class='ocrx_word' id='word_1_159' title='bbox 1446 1914 1572 1942; x_wconf 68' lang='lat' dir='ltr'><strong>pmcn.</strong></span> 
     </span>
    </p>
   </div>
   <div class='ocr_carea' id='block_1_17' title="bbox 1400 1941 1571 1964">
    <p class='ocr_par' dir='ltr' id='par_1_34' title="bbox 1400 1941 1571 1964">
     <span class='ocr_line' id='line_1_62' title="bbox 1400 1941 1571 1964; baseline -0.006 0"><span class='ocrx_word' id='word_1_160' title='bbox 1400 1942 1438 1964; x_wconf 40' lang='lat' dir='ltr'><strong>edi</strong></span> <span class='ocrx_word' id='word_1_161' title='bbox 1455 1942 1479 1964; x_wconf 83' lang='lat'><strong>11</strong></span> <span class='ocrx_word' id='word_1_162' title='bbox 1498 1941 1571 1964; x_wconf 81' lang='lat' dir='ltr'><strong>codex</strong></span> 
     </span>
    </p>
   </div>
   <div class='ocr_carea' id='block_1_18' title="bbox 197 1958 1572 2005">
    <p class='ocr_par' dir='ltr' id='par_1_35' title="bbox 197 1958 1572 2005">
     <span class='ocr_line' id='line_1_63' title="bbox 197 1958 1572 2005; baseline -0.001 -11"><span class='ocrx_word' id='word_1_163' title='bbox 197 1969 262 2004; x_wconf 87' lang='lat' dir='ltr'><strong>que</strong></span> <span class='ocrx_word' id='word_1_164' title='bbox 286 1958 399 2002; x_wconf 86' lang='lat' dir='ltr'><strong>venit,</strong></span> <span class='ocrx_word' id='word_1_165' title='bbox 439 1970 477 1994; x_wconf 84' lang='lat' dir='ltr'><strong>eo</strong></span> <span class='ocrx_word' id='word_1_166' title='bbox 502 1959 614 2004; x_wconf 87' lang='lat' dir='ltr'><strong>magis</strong></span> <span class='ocrx_word' id='word_1_167' title='bbox 648 1967 668 1994; x_wconf 90' lang='lat' dir='ltr'><strong>a</strong></span> <span class='ocrx_word' id='word_1_168' title='bbox 699 1958 825 1994; x_wconf 88' lang='lat' dir='ltr'><strong>codicis</strong></span> <span class='ocrx_word' id='word_1_169' title='bbox 849 1958 1007 2004; x_wconf 87' lang='lat' dir='ltr'><strong>vestigiis</strong></span> <span class='ocrx_word' id='word_1_170' title='bbox 1032 1958 1210 1994; x_wconf 87' lang='lat' dir='ltr'><strong>recessisse</strong></span> <span class='ocrx_word' id='word_1_171' title='bbox 1235 1959 1389 2005; x_wconf 87' lang='lat' dir='ltr'><strong>adparet.</strong></span> <span class='ocrx_word' id='word_1_172' title='bbox 1399 1970 1572 1994; x_wconf 60' lang='lat' dir='ltr'><strong>demonem:</strong></span> 
     </span>
    </p>
   </div>
   <div class='ocr_carea' id='block_1_19' title="bbox 198 2015 1390 2061">
    <p class='ocr_par' dir='ltr' id='par_1_36' title="bbox 198 2015 1390 2061">
     <span class='ocr_line' id='line_1_64' title="bbox 198 2015 1390 2061; baseline 0 -9"><span class='ocrx_word' id='word_1_173' title='bbox 198 2016 287 2052; x_wconf 85' lang='lat' dir='ltr'><strong>Cum</strong></span> <span class='ocrx_word' id='word_1_174' title='bbox 312 2026 353 2051; x_wconf 88' lang='lat' dir='ltr'><strong>ea</strong></span> <span class='ocrx_word' id='word_1_175' title='bbox 383 2026 469 2061; x_wconf 86' lang='lat' dir='ltr'><strong>quae</strong></span> <span class='ocrx_word' id='word_1_176' title='bbox 495 2017 536 2051; x_wconf 92' lang='lat' dir='ltr'><strong>de</strong></span> <span class='ocrx_word' id='word_1_177' title='bbox 560 2015 742 2061; x_wconf 87' lang='lat' dir='ltr'><strong>utriusque</strong></span> <span class='ocrx_word' id='word_1_178' title='bbox 773 2015 934 2051; x_wconf 78' lang='lat' dir='ltr'><strong>editionis</strong></span> <span class='ocrx_word' id='word_1_179' title='bbox 960 2015 1153 2051; x_wconf 87' lang='lat' dir='ltr'><strong>differentia</strong></span> <span class='ocrx_word' id='word_1_180' title='bbox 1184 2016 1298 2052; x_wconf 88' lang='lat' dir='ltr'><strong>adhuc</strong></span> <span class='ocrx_word' id='word_1_181' title='bbox 1323 2017 1390 2053; x_wconf 91' lang='lat' dir='ltr'><strong>dis-</strong></span> 
     </span>
    </p>
   </div>
   <div class='ocr_carea' id='block_1_20' title="bbox 1428 2000 1541 2022">
    <p class='ocr_par' dir='ltr' id='par_1_37' title="bbox 1428 2000 1541 2022">
     <span class='ocr_line' id='line_1_65' title="bbox 1428 2000 1541 2022; baseline 0 0"><span class='ocrx_word' id='word_1_182' title='bbox 1428 2000 1541 2022; x_wconf 68' lang='lat' dir='ltr'><strong>conl-tus.</strong></span> 
     </span>
    </p>
   </div>
   <div class='ocr_carea' id='block_1_21' title="bbox 198 2072 1390 2405">
    <p class='ocr_par' dir='ltr' id='par_1_38' title="bbox 198 2072 1390 2405">
     <span class='ocr_line' id='line_1_66' title="bbox 199 2072 1389 2117; baseline 0.001 -10"><span class='ocrx_word' id='word_1_183' title='bbox 199 2073 398 2117; x_wconf 87' lang='lat' dir='ltr'><strong>putavimus</strong></span> <span class='ocrx_word' id='word_1_184' title='bbox 436 2072 667 2106; x_wconf 87' lang='lat' dir='ltr'><strong>necessarium</strong></span> <span class='ocrx_word' id='word_1_185' title='bbox 703 2081 771 2106; x_wconf 90' lang='lat' dir='ltr'><strong>non</strong></span> <span class='ocrx_word' id='word_1_186' title='bbox 809 2081 905 2113; x_wconf 83' lang='lat' dir='ltr'><strong>esse,</strong></span> <span class='ocrx_word' id='word_1_187' title='bbox 938 2074 977 2106; x_wconf 87' lang='lat' dir='ltr'><strong>ut</strong></span> <span class='ocrx_word' id='word_1_188' title='bbox 1009 2072 1240 2107; x_wconf 86' lang='lat' dir='ltr'><strong>conlationem</strong></span> <span class='ocrx_word' id='word_1_189' title='bbox 1278 2074 1389 2108; x_wconf 87' lang='lat' dir='ltr'><strong>denuo</strong></span> 
     </span>
     <span class='ocr_line' id='line_1_67' title="bbox 198 2128 1389 2176; baseline -0.001 -10"><span class='ocrx_word' id='word_1_190' title='bbox 198 2130 396 2166; x_wconf 89' lang='lat' dir='ltr'><strong>institutam</strong></span> <span class='ocrx_word' id='word_1_191' title='bbox 421 2131 631 2171; x_wconf 80' lang='lat' dir='ltr'><strong>statuamus,</strong></span> <span class='ocrx_word' id='word_1_192' title='bbox 657 2128 842 2173; x_wconf 79' lang='lat' dir='ltr'><strong>evincant,</strong></span> <span class='ocrx_word' id='word_1_193' title='bbox 880 2130 998 2164; x_wconf 84' lang='lat' dir='ltr'><strong>contra</strong></span> <span class='ocrx_word' id='word_1_194' title='bbox 1023 2128 1159 2165; x_wconf 86' lang='lat' dir='ltr'><strong>exstant</strong></span> <span class='ocrx_word' id='word_1_195' title='bbox 1184 2132 1389 2176; x_wconf 86' lang='lat' dir='ltr'><strong>argumenta</strong></span> 
     </span>
     <span class='ocr_line' id='line_1_68' title="bbox 202 2186 1389 2232; baseline -0.001 -9"><span class='ocrx_word' id='word_1_196' title='bbox 202 2188 379 2232; x_wconf 87' lang='lat' dir='ltr'><strong>quaedam,</strong></span> <span class='ocrx_word' id='word_1_197' title='bbox 406 2198 445 2222; x_wconf 84' lang='lat' dir='ltr'><strong>ex</strong></span> <span class='ocrx_word' id='word_1_198' title='bbox 470 2186 594 2231; x_wconf 89' lang='lat' dir='ltr'><strong>quibus</strong></span> <span class='ocrx_word' id='word_1_199' title='bbox 619 2187 772 2221; x_wconf 89' lang='lat' dir='ltr'><strong>codicem</strong></span> <span class='ocrx_word' id='word_1_200' title='bbox 798 2187 907 2221; x_wconf 91' lang='lat' dir='ltr'><strong>denuo</strong></span> <span class='ocrx_word' id='word_1_201' title='bbox 930 2196 998 2221; x_wconf 90' lang='lat' dir='ltr'><strong>non</strong></span> <span class='ocrx_word' id='word_1_202' title='bbox 1024 2197 1097 2221; x_wconf 90' lang='lat' dir='ltr'><strong>esse</strong></span> <span class='ocrx_word' id='word_1_203' title='bbox 1120 2188 1296 2222; x_wconf 88' lang='lat' dir='ltr'><strong>conlatum</strong></span> <span class='ocrx_word' id='word_1_204' title='bbox 1312 2198 1389 2232; x_wconf 89' lang='lat' dir='ltr'><strong>per-</strong></span> 
     </span>
     <span class='ocr_line' id='line_1_69' title="bbox 201 2241 1390 2290; baseline -0.001 -10"><span class='ocrx_word' id='word_1_205' title='bbox 201 2244 319 2290; x_wconf 87' lang='lat' dir='ltr'><strong>spicue</strong></span> <span class='ocrx_word' id='word_1_206' title='bbox 356 2243 585 2290; x_wconf 87' lang='lat' dir='ltr'><strong>intellegitur.</strong></span> <span class='ocrx_word' id='word_1_207' title='bbox 635 2241 714 2278; x_wconf 90' lang='lat' dir='ltr'><strong>Non</strong></span> <span class='ocrx_word' id='word_1_208' title='bbox 747 2252 825 2278; x_wconf 86' lang='lat' dir='ltr'><strong>raro</strong></span> <span class='ocrx_word' id='word_1_209' title='bbox 862 2242 971 2285; x_wconf 90' lang='lat' dir='ltr'><strong>euim,</strong></span> <span class='ocrx_word' id='word_1_210' title='bbox 1009 2244 1166 2288; x_wconf 87' lang='lat' dir='ltr'><strong>quamvis</strong></span> <span class='ocrx_word' id='word_1_211' title='bbox 1198 2244 1309 2279; x_wconf 85' lang='lat' dir='ltr'><strong>verior</strong></span> <span class='ocrx_word' id='word_1_212' title='bbox 1342 2243 1390 2279; x_wconf 88' lang='lat' dir='ltr'><strong>sit</strong></span> 
     </span>
     <span class='ocr_line' id='line_1_70' title="bbox 199 2300 1390 2346; baseline 0 -9"><span class='ocrx_word' id='word_1_213' title='bbox 199 2301 326 2338; x_wconf 89' lang='lat' dir='ltr'><strong>codicis</strong></span> <span class='ocrx_word' id='word_1_214' title='bbox 351 2303 538 2346; x_wconf 88' lang='lat' dir='ltr'><strong>scriptura,</strong></span> <span class='ocrx_word' id='word_1_215' title='bbox 571 2300 676 2336; x_wconf 88' lang='lat' dir='ltr'><strong>editio</strong></span> <span class='ocrx_word' id='word_1_216' title='bbox 701 2302 819 2336; x_wconf 86' lang='lat' dir='ltr'><strong>tamen</strong></span> <span class='ocrx_word' id='word_1_217' title='bbox 843 2300 955 2335; x_wconf 89' lang='lat' dir='ltr'><strong>altera</strong></span> <span class='ocrx_word' id='word_1_218' title='bbox 979 2310 1059 2335; x_wconf 90' lang='lat' dir='ltr'><strong>cum</strong></span> <span class='ocrx_word' id='word_1_219' title='bbox 1083 2301 1196 2346; x_wconf 86' lang='lat' dir='ltr'><strong>priore</strong></span> <span class='ocrx_word' id='word_1_220' title='bbox 1221 2302 1390 2338; x_wconf 88' lang='lat' dir='ltr'><strong>consentit</strong></span> 
     </span>
     <span class='ocr_line' id='line_1_71' title="bbox 199 2357 1389 2405; baseline 0.002 -13"><span class='ocrx_word' id='word_1_221' title='bbox 199 2358 244 2393; x_wconf 86' lang='lat' dir='ltr'><strong>cf.</strong></span> <span class='ocrx_word' id='word_1_222' title='bbox 272 2369 300 2394; x_wconf 89' lang='lat' dir='ltr'><strong>e.</strong></span> <span class='ocrx_word' id='word_1_223' title='bbox 326 2368 359 2403; x_wconf 89' lang='lat' dir='ltr'><strong>g.</strong></span> <span class='ocrx_word' id='word_1_224' title='bbox 394 2358 498 2401; x_wconf 90' lang='lat' dir='ltr'>XLV,</span> <span class='ocrx_word' id='word_1_225' title='bbox 530 2359 587 2400; x_wconf 91' lang='lat'>27,</span> <span class='ocrx_word' id='word_1_226' title='bbox 620 2359 661 2400; x_wconf 83' lang='lat'>5,</span> <span class='ocrx_word' id='word_1_227' title='bbox 696 2357 757 2393; x_wconf 92' lang='lat' dir='ltr'><strong>ubi</strong></span> <span class='ocrx_word' id='word_1_228' title='bbox 788 2357 853 2400; x_wconf 80' lang='lat' dir='ltr'><strong>ad,</strong></span> <span class='ocrx_word' id='word_1_229' title='bbox 891 2357 981 2402; x_wconf 89' lang='lat' dir='ltr'><strong>quod</strong></span> <span class='ocrx_word' id='word_1_230' title='bbox 1019 2358 1057 2392; x_wconf 93' lang='lat' dir='ltr'><strong>in</strong></span> <span class='ocrx_word' id='word_1_231' title='bbox 1093 2358 1210 2393; x_wconf 91' lang='lat' dir='ltr'><strong>codice</strong></span> <span class='ocrx_word' id='word_1_232' title='bbox 1251 2359 1389 2405; x_wconf 84' lang='lat' dir='ltr'><strong>legitur,</strong></span> 
     </span>
    </p>
   </div>
  </div>
 </body>
</html>
