1721 2727
680 143 916 180 *25—

195 232 379 283 undecimo
394 246 608 292 adscriptum
623 249 799 292 sequatur,
814 248 907 283 recte
921 247 1116 293 conligitur,
1132 248 1392 291 quaternionem

200 303 442 344 duodecimum
468 307 527 346 (=
544 295 602 340 i'ol.
628 304 785 347 59—66)
811 314 878 339 non
904 313 965 339 suo
981 304 1057 339 loco
1069 303 1108 349 ¹),
1127 303 1185 339 sed
1204 305 1295 339 certe
1313 306 1393 339 ante

195 359 459 404 quaternionem
478 360 584 396 VIIII
604 360 664 406 (=
683 360 742 400 fol.
760 360 919 407 35—42)
938 360 1044 396 fuisse
1062 361 1248 405 insertum3
1274 361 1392 405 itaque

195 426 377 461 perversus
405 418 480 454 erat
505 418 609 464 atque
635 418 796 453 confusus
822 414 1086 463 quaternionum
1113 418 1210 461 ordo,
1243 417 1279 452 id
1305 418 1393 463 quod

197 474 362 511 facillime
385 476 523 520 poterat
549 476 713 518 accidere,
739 475 768 510 si
793 477 897 511 codex
921 477 1121 521 compactus
1151 475 1206 511 vel
1236 485 1305 510 non
1338 475 1394 511 vel

197 532 288 567 male
299 532 390 567 erat.
417 532 608 569 Confirmat
634 543 709 568 eam
735 533 940 568 sententiam
964 543 1058 567 num.
1077 532 1171 575 vnn.
1190 532 1317 577 quippe
1335 532 1394 577 qui

196 599 237 623 ex
263 589 419 625 omnibus
443 590 485 625 iis
511 590 672 632 numeris,
691 590 750 635 qui
767 590 859 625 soiiis
876 590 1080 635 quibusdam
1098 590 1236 625 vorsis
1263 589 1394 635 adpicti

198 646 284 680 sunt
316 645 499 692 (u—x),
519 657 608 682 unus
634 656 701 682 non
727 648 763 682 in
790 647 914 682 ultimo
939 647 1174 691 quaternionis
1207 647 1299 691 folio,
1333 646 1393 682 sed

197 701 234 736 in
260 702 408 746 septimo
434 703 495 746 (=
514 702 572 737 sol.
602 703 702 751 165')
736 703 941 738 inveniatur.
990 702 1089 737 Unde
1122 704 1287 747 sequitur,
1314 713 1394 737 eum

197 758 466 803 quaternionem·
483 760 553 795 iam
580 762 672 803 tunc,
687 760 727 809 ut
745 759 853 803 hodie,
869 759 1001 796 duobus
1020 759 1113 795 foliis
1132 760 1293 800 extremis
1311 760 1345 802 (i.
1364 770 1391 796 e.

197 816 309 859 primo
334 817 369 850 et
393 816 534 859 ultimo)
561 817 666 851 fuisse
691 817 879 861 privatum,
905 816 962 851 vel
987 818 1079 852 certe
1102 817 1256 851 ordinem
1274 817 1391 862 singu-

197 872 310 907 lorum
336 871 498 908 foliorum
524 872 596 908 eius
622 872 857 918 quaternionis
884 872 1003 908 fuisse·
1022 883 1237 918 perversum,
1269 873 1318 909 ita
1352 875 1392 908 ut

180 929 318 970 ,solium
347 931 532 975 septimum
557 931 720 966 ultimum
747 941 820 966 esse
846 931 1039 976 putaretur.

311 1007 434 1051 Itaque
459 1007 546 1042 mibi
568 998 710 1052 'quidem
737 1007 881 1042 dubium
906 1016 974 1047 non
993 1016 1067 1041 esse
1085 1006 1232 1049 videtur,
1252 1006 1335 1051 quin
1354 1017 1393 1042 ex
1424 1011 1555 1034 Constaba‘

1403 1040 1504 1068 triginta
1514 1046 1573 1066 qua-

200 1063 316 1098 codiee
343 1063 414 1098 iam
439 1064 574 1099 saeculo
607 1065 727 1100 octavo
765 1064 935 1109 quaedam
972 1063 1223 1099 interciderint.
1273 1063 1393 1108 Neque
1412 1068 1562 1091 ternionibus

1402 1097 1428 1120 in
1442 1096 1522 1118 docem
1536 1096 1576 1118 fn.-

198 1121 316 1155 tamen
343 1121 530 1156 verisimile
555 1122 626 1163 est,
652 1121 768 1156 omnia
792 1122 862 1156 iam
889 1121 1045 1163 defuisse,
1072 1131 1157 1165 quae
1184 1130 1273 1155 anno
1302 1120 1388 1155 1531
1407 1125 1507 1148 sciculoss
1521 1124 1570 1146 dis-

198 1188 231 1221 p.
259 1176 321 1212 Oh.
350 1178 510 1220 deerant;
550 1178 733 1214 exstabant
765 1179 856 1213 enim
886 1189 924 1213 eo
951 1188 1040 1213 anno
1065 1178 1131 1213 XX
1156 1178 1394 1223 quaterniones

198 1235 337 1280 integri.
388 1234 441 1270 Ne
467 1235 584 1270 autem
610 1235 763 1271 numeris
788 1235 865 1271 istis
892 1235 1013 1281 (Ι-Χ)
1038 1236 1202 1280 putemus
1227 1234 1289 1270 hos
1316 1236 1405 1270 taum

200 1292 289 1334 tum,
303 1292 545 1335 quaterniones
572 1302 661 1327 anno
690 1294 778 1328 1531
810 1293 962 1337 integros
995 1293 1100 1327 fuisse
1139 1292 1308 1336 signatos,
1344 1291 1396 1326 ita

200 1349 239 1383 ut
264 1347 338 1384 bini
363 1358 428 1383 uno
447 1349 817 1394 comprehenderentur
834 1350 995 1392 'numer0,
1020 1349 1141 1384 vetant
1170 1348 1305 1383 numeri
1327 1347 1393 1385 vlu

199 1407 235 1441 et
277 1405 385 1448 vnn,
427 1406 545 1451 utpote
588 1407 647 1451 qui
694 1407 728 1441 in
771 1406 1055 1451 quaternionibus
1096 1406 1257 1451 legantur
1307 1416 1396 1441 anno

200 1464 262 1498 illo
288 1464 358 1499 iam
384 1464 531 1499 mutilis.
583 1464 677 1507 Quae
710 1475 764 1498 res
791 1455 928 1509 poscere
960 1465 1112 1506 videtur,
1147 1464 1203 1505 ut,
1237 1462 1273 1497 id
1306 1462 1397 1507 quod

201 1515 401 1555 sacileesse
425 1520 552 1565 potuit,
578 1520 695 1565 plures
721 1522 964 1565 quaterniones
981 1521 1082 1556 hodie
1098 1520 1241 1556 mutilos
1259 1518 1396 1554 saeculo

195 1578 324 1622 'octavo
349 1578 503 1624 integros
524 1578 634 1613 -fuisse
659 1580 868 1614 statuamus,
918 1578 1045 1622 Quodsi
1076 1578 1127 1613 ita
1159 1578 1227 1619 est,
1270 1577 1397 1612 iterum

203 1627 403 1670 devenimus
430 1635 473 1670 ad
505 1645 582 1670 eam
614 1635 840 1677 sententiam,
882 1645 950 1679 qua
983 1635 1128 1680 triginta
1153 1634 1396 1679 quaterniones

201 1693 287 1726 tuno
320 1692 493 1727 exstitisse
529 1693 632 1736 atque
664 1692 700 1727 in
734 1692 852 1727 decem
878 1692 1081 1728 distributos
1108 1702 1180 1726 esse
1206 1690 1397 1730 fasciculos,

200 1758 349 1792 quorum
375 1749 516 1793 quisque
542 1749 651 1783 trinos
684 1749 925 1793 quaterniones
957 1749 1277 1794 comprehenderet,
1318 1757 1397 1781 con-

202 1804 385 1841 tendimus.
405 1804 638 1841 Oonfirmatur
651 1805 734 1842 haec
751 1805 923 1840 sententia
938 1816 988 1848 eo,
1003 1806 1093 1850 quod
1113 1814 1274 1840 numeros
1289 1804 1396 1839 trium

200 1862 468 1907 quaternionum
493 1863 676 1898 intervallo
702 1863 854 1908 separari
880 1865 933 1898 ter
958 1864 1190 1899 observamus.
1241 1862 1298 1896 Ita
1331 1871 1397 1895 nu-

202 1931 342 1956 merum
393 1919 475 1958 vnn
527 1920 640 1956 tribus
682 1920 898 1966 interpositis
941 1919 1221 1966 quaternionibus
1272 1918 1397 1964 excipit

324 2073 342 2110 ¹)
364 2071 591 2109 Quaternionem
618 2071 678 2100 XII
705 2057 776 2100 olirfi
803 2080 821 2100 a
845 2071 977 2109 proximo
1003 2070 1080 2100 XIII
1105 2070 1197 2100 fuisse
1223 2072 1400 2108 separatum,

202 2121 272 2150 inde
297 2121 388 2150 etiam
415 2119 638 2157 comprobatur,
673 2119 751 2156 quod
777 2119 911 2148 maculae
937 2119 1020 2154 illae,
1054 2128 1128 2156 quae
1156 2128 1247 2156 aquae
1273 2119 1399 2155 vestigia

201 2168 456 2206 (Wasserfiecken)
485 2176 553 2204 prae
578 2176 608 2195 se
627 2167 740 2202 ferunt,
760 2175 812 2204 per
833 2166 907 2195 folia
929 2169 1039 2194 19-66
1060 2166 1254 2195 inveniuntur
1274 2166 1304 2194 in
1323 2175 1400 2194 mar·

203 2217 273 2254 gine
293 2216 455 2254 superiore,
485 2216 517 2244 in
538 2214 620 2244 soliis
642 2217 677 2243 67
698 2216 729 2244 et
749 2214 889 2252 proximis
916 2214 946 2242 in
973 2214 1107 2251 margine
1127 2213 1267 2243 inferiore
1287 2213 1399 2244 dextro.

204 2265 310 2302 Itaque
336 2273 368 2293 eo
394 2267 539 2301 tempore,
576 2271 632 2300 quo
659 2261 755 2291 labem
788 2263 881 2291 traxit
911 2262 1013 2296 codex,
1048 2261 1123 2291 folia
1154 2265 1189 2291 66
1221 2264 1251 2291 et
1287 2265 1322 2290 67
1353 2262 1400 2291 vei

200 2320 231 2348 q.
248 2310 310 2340 xll
330 2316 359 2341 ot
379 2310 455 2339 XIII
476 2319 537 2339 sese
557 2318 615 2338 non
632 2312 813 2346 exceperunt,
835 2317 900 2337 cum
920 2317 948 2345 q.
961 2308 1019 2336 XII
1040 2309 1170 2338 nondum
1191 2309 1305 2337 solutus
1326 2312 1403 2338 esset

204 2357 243 2388 ba
263 2358 300 2388 iis
320 2358 372 2396 qui
392 2358 521 2396 proxime
542 2356 755 2394 praecedebant
776 2354 1030 2393 quaternionibus.

1435 1153 1542 1176 tributis.
