1721 2727
189 245 286 279 pres
297 234 447 279 bytero
457 245 489 277 s,
516 234 575 279 qui
600 234 859 269 constituuntur
885 236 1082 270 doctores
1107 236 1314 272 ecclesiae
1340 239 1376 273 in

185 292 284 338 pagis
309 290 514 334 minoribus,
540 290 650 337 qualis
669 291 877 327 constitutus
895 291 1000 327 fuisse
1018 292 1145 338 legitur
1160 302 1181 327 a
1198 303 1224 329 S.
1238 293 1376 329 Albrico
1434 322 1436 324 .

184 349 377 394 Liutgerus.

297 405 391 449 Quae
416 416 495 441 cum
520 406 573 441 ita
609 407 690 449 sint,
731 406 844 442 nescio
885 416 929 441 an
966 407 1008 442 de
1051 407 1374 453 chorepiscopis
1391 417 1553 451 ruentum„

187 463 341 509 cogitare
366 463 493 509 aliquis
518 463 638 508 possit,
664 463 870 508 praesertim
896 474 975 499 cum
992 463 1029 499 in
1045 464 1152 509 ipsius
1169 474 1196 499 s.
1217 464 1375 510 Gregorii
1385 445 1556 503 ιῗιῗεοιῖἷῗῗῖῗῖῑὶ.

182 520 275 556 vitae
301 531 329 556 c.
357 521 401 556 14
437 521 741 566 chorepiscopi
772 531 896 556 nomen
928 521 1140 557 inveniatur:
1173 520 1376 566 Eademque

180 577 338 621 caritate,
365 579 457 613 sicut
481 579 513 613 et
536 577 619 623 fidei
642 577 820 622 firmitate,
845 588 921 622 qua.
927 578 1201 622 praedecessores
1224 579 1298 615 sui.
1313 607 1321 614 .
1337 607 1345 615 .
1361 607 1369 615 .

183 636 228 680 (S.
254 635 454 681 Gregorius)
488 631 591 680 lorya
624 637 654 669 et
679 634 848 678 melliflua
872 634 1066 670 eruditione
1084 635 1257 679 populum
1283 636 1376 672 irra-

179 692 292 727 diavit
315 693 422 727 simul
446 703 525 727 cum
548 691 862 737 chorepiscopo
886 694 917 727 et
941 691 1100 737 adjutore
1123 702 1185 727 suo
1200 692 1374 728 Aluberto.

178 751 293 795 Atque
325 749 479 795 profecto
518 749 619 785 initio
650 749 780 785 saeculi
817 749 879 785 IX.
911 750 948 784 in
983 750 1193 784 Francorum
1229 750 1373 796 imperio

180 807 353 843 exstitisse
378 806 636 852 chorepiscopos
663 806 758 842 nulla
774 806 979 852 interposita
995 806 1211 842 dubitatione
1229 806 1372 852 quisque

129 865 132 868 ⁴
178 865 350 899 concedet.
401 864 571 899 Attamen
613 863 883 903 Theatbertum,
926 863 1050 900 codicis
1092 864 1371 909 subscriptorem,

178 920 459 966 chorepiscopum
484 920 589 956 fuisse
614 922 821 967 negaverim.
862 920 955 956 Nam
985 920 1044 966 qui
1069 931 1107 956 eo
1133 923 1286 966 tempore
1312 932 1372 956 vo-

178 977 348 1014 cabantur
374 978 618 1025 chorepiscopi,
646 989 755 1024 neque
780 978 1011 1015 confundendi
1036 981 1118 1013 sunt
1144 988 1223 1014 cum
1241 978 1294 1021 iis,
1313 979 1371 1024 qui

176 1045 266 1070 saec.
294 1036 336 1072 V.
362 1036 526 1071 ecclesias
551 1037 702 1071 minores
727 1046 853 1081 easque
882 1036 1027 1072 rusticas
1054 1036 1371 1081 chorepiscoporum

175 1092 314 1127 nomine
339 1093 499 1140 insigniti
524 1091 704 1139 regebant,
732 1103 840 1138 neque
865 1103 944 1128 cum
968 1093 1024 1135 iis,
1042 1093 1099 1137 qui
1118 1093 1254 1128 saeculo
1271 1093 1370 1129 VIII.

174 1160 235 1194 per
259 1151 369 1185 terras
395 1149 630 1196 vagabantur;
655 1150 717 1185 sed
735 1152 831 1185 erant
849 1150 998 1195 episcopi
1018 1152 1077 1185 aut
1094 1150 1196 1185 alteri
1213 1151 1370 1195 episcopo

176 1206 307 1242 subditi
348 1207 451 1251 atque
492 1207 609 1242 ordine
655 1217 750 1242 sacro
804 1206 954 1249 initiati,
976 1236 978 1238 .
1007 1209 1046 1242 ut
1092 1207 1290 1252 episcopum
1332 1208 1369 1242 in

174 1264 366 1300 exercendis
392 1264 611 1309 episcopatus
648 1264 847 1300 muneribus
885 1264 1104 1306 adiuvarent,
1144 1266 1205 1299 aut
1236 1265 1367 1309 episco-

171 1322 243 1367 pali
267 1322 378 1367 gradu
401 1322 550 1368 praediti
574 1322 711 1367 idcirco,
737 1324 776 1358 ut
800 1332 861 1367 pro
885 1321 928 1357 iis
953 1321 1012 1367 qui
1037 1322 1185 1367 episcopi
1203 1322 1273 1357 veri
1299 1331 1367 1357 non

174 1381 272 1415 erant
284 1379 311 1425 ¹)
338 1379 549 1424 episcopalia
574 1379 688 1415 officia
713 1380 856 1415 obirent.
906 1378 1007 1414 Unde
1033 1379 1103 1414 iam
1128 1379 1252 1421 elucet,
1280 1379 1367 1415 hanc

120 1455 123 1458 -
172 1436 406 1481 chorepiscopi
438 1437 630 1478 notionem,
667 1437 707 1471 ut
738 1436 883 1481 quadret
907 1435 944 1470 in
971 1434 1224 1479 Alubertum2>,
1250 1439 1368 1471 tamen

169 1503 279 1537 neque
303 1493 341 1528 in
364 1493 569 1539 Liutgerum
593 1503 695 1538 quem
719 1492 886 1528 Albricus
916 1494 1080 1527 doctorem
1103 1492 1262 1527 ecclesiae
1285 1503 1367 1527 eon-

169 1549 285 1584 stituit
308 1550 350 1584 in
376 1560 469 1595 payo
496 1549 659 1585 Ostrache
682 1560 791 1594 neque
816 1549 854 1584 in
879 1550 1144 1593 Theatbertum‚
1172 1549 1366 1593 episcopum

168 1606 360 1643 dedoroslat
390 1607 575 1653 quadrare,
618 1617 695 1643 cum
729 1605 927 1642 Dorostadii
957 1616 1121 1652 umquam
1154 1606 1364 1642 conlocatam

168 1664 274 1700 fuisse
299 1666 414 1700 sedem
440 1665 670 1710 episcopalem
694 1675 831 1710 prorsus
855 1664 1082 1709 improbabile
1111 1665 1168 1700 sit.

282 1721 374 1767 Quid
391 1733 470 1758 vero
495 1722 524 1758 si
549 1723 588 1766 is,
615 1722 656 1758 de
681 1732 747 1768 quo
774 1721 927 1769 agimus,
954 1721 1200 1765 Theatbertus,
1227 1721 1362 1757 etiamsi
1372 1726 1543 1779 ‚ggssff‘ffi-

166 1780 343 1825 episcopus
361 1791 429 1816 non
446 1780 524 1824 fuit,
548 1780 701 1825 episcopi
724 1781 841 1815 tamen
865 1779 1005 1824 nomine
1022 1779 1111 1815 libro
1129 1780 1361 1825 subscripsit?
1379 1784 1542 1809 rostadiensis-

166 1835 253 1871 Mihi
284 1836 440 1881 quidem,
478 1840 516 1872 ut
555 1838 590 1872 id
624 1838 835 1880 statuamus,
872 1847 926 1872 res
960 1837 1036 1882 ipsa
1076 1847 1179 1881 quam
1212 1837 1360 1872 maxime

165 1893 304 1929 videtur
328 1894 496 1939 flagitare.
545 1894 638 1930 Nam
664 1897 744 1929 cum
769 1894 913 1937 constet,
939 1894 1119 1929 institutos
1147 1893 1251 1929 fuisse
1275 1895 1360 1929 tunc

280 2010 303 2044 ¹)
324 2007 368 2036 Cf.
389 2007 545 2045 Rettberg,
565 2007 586 2037 1.
607 2016 631 2037 c.
651 2016 719 2045 pag.
740 2010 795 2036 607
816 2016 878 2045 sqq.

281 2057 302 2089 ²)
324 2056 461 2085 Ceterum
481 2056 616 2092 quamvis
641 2054 718 2092 quod
738 2055 776 2084 ad
795 2064 857 2084 rem
876 2054 1006 2090 adtinet,
1035 2054 1233 2092 chorepiscopi
1253 2064 1358 2084 nomen

162 2102 319 2133 conveniat
338 2103 497 2138 Aluberto,
528 2103 666 2140 exiguam
691 2103 791 2131 tamen
817 2101 908 2131 habet
936 2101 1179 2139 probabilitatem
1200 2103 1356 2137 sententia,

163 2161 221 2188 qua
240 2160 307 2180 eum
326 2151 442 2180 nomine
462 2150 516 2179 illo
537 2150 718 2188 insignitum
738 2150 831 2180 fuisse
851 2149 1041 2179 contenditur
1048 2161 1056 2185 ;
1082 2149 1171 2179 immo
1191 2151 1267 2180 recte
1287 2150 1356 2180 Bol-

161 2197 293 2227 landista
322 2197 360 2226 ad
384 2206 484 2226 vocem
509 2197 727 2234 chorepiscopo
757 2198 860 2226 notam
880 2197 1003 2226 adiecit:
1029 2197 1279 2235 chorepiscopum
1307 2199 1356 2228 hic

163 2249 272 2276 auctor
290 2246 428 2276 ›no-minat
448 2254 487 2275 ecc
505 2254 564 2275 usu
577 2244 628 2274 sui
640 2244 761 2274 saeculi.
781 2243 826 2274 Cf.
840 2243 978 2274 Bolland.
998 2244 1079 2273 Acta
1096 2243 1151 2274 SS.
1163 2247 1231 2274 tom.
1245 2245 1355 2274 mensis

161 2293 255 2323 Junii
273 2293 298 2323 Ι.
320 2303 349 2331 p.
371 2295 436 2324 486.
475 2292 626 2322 Altfridus
647 2292 824 2322 Alubertnm
842 2301 902 2321 non
928 2292 1234 2330 chorepiscopum
1259 2295 1354 2331 vocat,

160 2340 211 2370 sed
231 2341 512 2379 coepiscopum3
542 2340 579 2370 cf.
599 2340 620 2369 l.
642 2348 730 2377 supra
749 2339 834 2376 plene
853 2339 1039 2377 exscriptum,
