1721 2727
703 120 961 155 *119—

351 223 481 258 Verum
508 223 616 259 etiam
641 234 721 259 cum
747 224 914 269 temporis
940 224 1139 260 condicione
1165 225 1269 260 lectio
1292 226 1433 272 vulgata

237 282 392 325 pugnare
417 271 565 316 vi'detur.
615 281 708 316 Nam
733 282 887 326 proximo
913 292 1014 317 versu
1039 284 1201 320 narratur
1221 283 1343 317 eodem
1362 284 1432 319 fere

236 338 408 381 tempore,
444 347 509 382 quo
533 336 679 372 Perseus
704 337 748 372 ad
774 337 872 382 Elpei
898 337 991 382 ripas
1017 347 1053 372 se
1086 338 1277 382 receperat,
1316 338 1433 384 Popil-

236 393 324 428 lium
348 394 494 429 missum
521 405 591 429 esse
629 405 649 429 a
681 394 817 429 consule
850 395 1057 429 Heracleum
1070 394 1096 437 ¹)
1135 404 1278 439 eamque
1313 397 1434 431 urbem

237 460 315 485 mox
339 452 433 486 terra
456 450 611 494 marique
643 450 833 495 oppugnari
866 452 1021 494 coeptam
1031 449 1071 494 2).
1123 450 1209 485 Cum
1247 452 1433 486 obsidionis

237 507 336 544 nulla
360 507 491 543 mentio
515 507 607 550 fiat„
623 506 731 542 immo
757 507 800 543 ab
824 506 1008 543 iuvenibus
1034 507 1242 553 quibusdam
1266 508 1433 545 Romanis

236 566 369 601 ludicro
395 565 541 600 circensi
566 565 609 600 ad
636 575 736 600 usum
778 565 860 600 belli
899 575 996 608 verso
1027 568 1166 610 partem
1197 567 1433 602 humillimam

236 622 328 659 muri
337 625 476 667 captam
483 622 600 658 Livius
613 622 731 657 narret
741 621 782 667 ³),
794 632 861 660 non
870 623 1059 658 errabimus
1074 625 1267 659 statuentes
1275 624 1432 668 perbrevi

236 680 403 723 temporis
430 680 541 724 spatio
565 679 774 714 Heracleum
799 690 871 715 esse
897 680 1039 724 captum
1065 691 1085 714 a
1107 680 1267 725 Popillio.
1300 681 1432 716 Audia-

238 747 315 771 mus
340 737 408 771 iam
437 738 516 780 quid
543 736 711 771 Heracleo
737 737 836 780 capto
862 736 995 771 factum
1021 737 1078 771 sit.
1113 736 1165 771 Ec
1189 737 1308 772 consul
1332 741 1433 781 capto

236 793 312 827 iam
339 792 506 827 Heracleo
542 794 662 827 castra
698 803 734 827 eo
761 793 951 836 promovit,
988 795 1170 837 tamquam
1194 792 1308 828 Dium
1333 797 1433 838 atque

237 849 319 884 inde
342 852 508 884 summoto
537 861 613 894 reye
646 850 682 884 in
717 849 877 884 Pieriam
914 850 1019 884 etiam
1050 861 1319 895 proyressurus,
1353 862 1369 885 s
1382 863 1398 885 e
1411 851 1435 885 d

237 905 425 940 hiberna
455 906 542 940 iam
567 916 854 950 praeparans
875 904 961 941 “vias
985 906 1226 942 commeatibus
1250 907 1435 942 subvehen-

237 964 293 999 dis
330 975 371 999 ex
409 963 593 1000 Thessalia
629 964 765 998 muniri
801 963 930 1000 iubet..
948 991 955 998 .
973 962 1013 1010 ⁴).
1065 964 1241 1008 Quomodo
1275 965 1366 999 inter
1400 975 1435 999 se

238 1021 450 1057 reconciliari
475 1021 633 1067 possunt,
659 1031 745 1066 quae
771 1021 824 1056 his
850 1020 982 1056 duobus
1007 1021 1092 1057 locis
1103 1021 1129 1064 5)
1155 1023 1351 1063 narrantur,
1379 1032 1434 1056 re-

239 1089 317 1124 gem
344 1079 523 1114 extrahere
541 1078 686 1114 relicum
705 1080 844 1124 tempus
870 1079 1055 1114 aestatis
1081 1079 1117 1114 in
1135 1079 1250 1114 animo
1270 1078 1431 1113 habuisse

239 1137 356 1170 eodem
395 1137 570 1180 tempore,
613 1145 678 1179 quo
724 1135 844 1170 consul
886 1135 1075 1170 hiberna
1115 1136 1201 1170 iam
1245 1145 1434 1179 praepa-

237 1193 393 1228 rabat?

352 1249 415 1284 Est
450 1250 630 1294 praeterea
668 1248 817 1283 alterum
855 1249 1116 1294 argumentum,
1160 1259 1225 1294 quo
1264 1251 1434 1284 aestatem

239 1310 315 1341 tum
341 1306 411 1340 iam
437 1305 543 1340 fuisse
568 1305 719 1349 elapsam
744 1305 822 1340 luce
847 1305 971 1340 clarius
989 1305 1253 1341 demonstretur.
1296 1306 1434 1342 Scimus

239 1363 332 1399 enim
358 1362 504 1408 Elpeum
531 1371 668 1397 amnem
696 1363 826 1397 aestate
852 1362 1013 1409 exiguum
1027 1361 1056 1406 ⁶)
1083 1362 1189 1397 fuisse
1215 1364 1317 1405 atque
1342 1364 1432 1399 sicco

239 1422 335 1456 alveo
361 1421 500 1455 transiri
524 1420 676 1465 potuisse
686 1418 731 1463 7);
757 1429 862 1463 quam
887 1419 930 1454 ob
949 1430 1087 1455 eausam
1104 1420 1231 1455 Persea
1250 1421 1332 1455 anni
1355 1431 1433 1465 pro-

239 1477 324 1511 ximi
357 1487 436 1511 vere
470 1479 547 1520 post
584 1475 712 1510 Aemili
751 1475 850 1509 Pauli
889 1476 1078 1510 adventum
1109 1476 1222 1520 ripam
1247 1477 1436 1512 munivisse

238 1534 338 1579 Elpei
362 1532 515 1568 fluminis
540 1533 660 1568 Livius
693 1532 811 1567 refert.
862 1532 961 1568 Unde
987 1533 1143 1578 sequitur
1168 1543 1304 1568 amnem
1331 1534 1436 1568 istum

239 1591 307 1627 nisi
334 1594 408 1627 arte
441 1591 614 1627 munitum
654 1610 702 1615 ——
737 1589 773 1624 id
812 1590 901 1634 quod
933 1590 1061 1626 Persea
1086 1590 1186 1625 initio
1215 1601 1281 1625 non
1314 1590 1437 1625 fecisse

241 1659 280 1683 ex
305 1651 424 1683 eodem
449 1648 525 1683 loeo
551 1647 739 1692 conligitur
774 1668 818 1672 —
853 1648 1067 1682 munimento
1093 1658 1160 1683 non
1194 1648 1317 1689 fuisse;
1355 1659 1435 1683 cum

241 1704 357 1751 igitur'
387 1705 514 1740 Persea
551 1704 702 1749 quinque
739 1703 839 1738 milia
878 1713 1044 1748 passuum
1077 1704 1119 1739 ab
1152 1704 1234 1739 urbe
1259 1703 1323 1738 Dio
1349 1705 1437 1739 citra

187 1779 190 1783 ’
241 1763 353 1808 ripam
366 1763 465 1806 Elpei
492 1761 605 1797 amnis
631 1762 744 1795 castra
756 1760 908 1805 posuisse
935 1771 997 1795 am
1006 1771 1096 1796 nem
1121 1761 1163 1805 ip
1173 1771 1188 1795 s
1197 1771 1220 1795 u
1228 1772 1263 1795 m
1289 1761 1328 1794 tr
1336 1771 1357 1795 a
1367 1772 1389 1796 n
1399 1772 1436 1796 s-

241 1821 305 1855 itu
350 1819 675 1865 perdifficilem
722 1828 793 1863 pro
836 1818 1098 1853 munimento
1142 1817 1436 1862 habiturums)

364 1952 381 1989 ¹)
403 1951 446 1981 Cf.
461 1951 623 1986 X121111,8‚
637 1953 654 1979 8
676 1951 791 1979 Inter
809 1951 900 1979 haec
920 1949 1022 1979 consul
1042 1958 1061 1977 a
1081 1949 1173 1978 Phila
1186 1949 1356 1986 Popillium
1370 1960 1438 1979 cum

243 2002 359 2031 duobus
378 2000 500 2029 milibus
520 2003 710 2029 armatorum
731 1998 915 2028 Heracleum
935 1998 1036 2027 mittit.

360 2049 382 2084 ²)
405 2048 449 2077 Cf.
472 2047 593 2082 XLIIII,
616 2050 644 2082 9,
664 2050 691 2076 2.

361 2097 383 2133 ³)
406 2095 449 2125 Cf.
471 2095 511 2125 ib.
532 2104 560 2123 v.
582 2096 616 2124 3.'

360 2145 381 2180 ⁴)
404 2143 449 2174 Cf.
471 2143 511 2173 ib.
534 2146 653 2172 10—11.

359 2193 380 2228 ⁵)
402 2191 446 2220 Cf.
468 2189 589 2224 XLllII,
610 2192 636 2224 8,
657 2192 673 2217 Τ
695 2191 725 2217 et
746 2191 772 2225 9,
797 2191 841 2217 11.

361 2239 382 2275 ⁶)
404 2238 447 2268 Cf.
468 2236 591 2270 XLIIII,
613 2238 640 2271 8,
662 2238 687 2265 6.

361 2289 381 2324 ⁷)
402 2287 447 2317 Cf.
468 2285 589 2319 XLIIII,
611 2287 658 2321 32,
681 2286 725 2313 10.

359 2334 382 2369 ⁸)
403 2334 449 2364 Cf.
470 2333 597 2366 XLIIII,
616 2335 643 2367 8,
663 2335 688 2360 5.
