1721 2727
140 1107 316 1134 Quateruioues

161 1136 248 1158 xxnn
265 1136 290 1157 et

190 1165 269 1186 XXVI.

806 160 1039 194 -40-

537 260 660 289 ΧΧΠΠ

532 300 797 391 xxviT——l
1187 311 1303 340 xxvn

339 392 445 397 ᾖ*
544 355 642 383 xxvi
718 347 769 439 1
1045 348 1047 392 j
1090 350 1316 387 '‘*x'xrssr
1317 352 1441 356 “—

351 404 365 429 1
486 393 569 439 312
621 393 702 440 716
819 406 837 432 8
1000 395 1504 442 Τῖ134ῡθῗῖ

332 443 387 468 123
400 440 654 469 124141136137
668 443 722 469 142
736 444 857 470 129130
989 444 1110 472 139140
1123 446 1377 473 125126127128
1392 447 1512 473 143144

435 526 573 561 Invenit
598 526 717 572 igitur,
751 530 809 572 qui
841 528 881 563 ut
907 530 1174 573 quaternionum
1199 529 1415 575 integrorum
1441 531 1523 567 folla

322 585 414 619 recte
440 584 610 630 digereret
636 582 702 619 sibi
725 589 960 630 proposuerat,
988 586 1072 621 duos
1099 587 1158 631 qui
1184 586 1296 621 obiter
1321 587 1523 631 inspicienti

322 641 448 686 integri
474 641 682 677 videbantur
709 642 971 687 quaterniones,
1005 646 1109 687 atque
1135 643 1378 679 transmutatis,
1405 644 1516 680 denuo

321 698 413 733 inter
450 708 486 733 se
528 700 601 733 sine
644 700 746 734 dubio
788 699 1008 735 interioribus
1051 700 1208 744 partibus
1261 701 1520 745 quaternionem

322 754 463 790 XXIIII
488 755 523 790 in
550 756 727 801 integrum
756 756 921 799 restituit,
949 757 1187 801 quaternionis
1213 767 1292 792 vero
1310 757 1444 792 XXVII
1463 768 1520 793 sex

322 813 459 848 tantum
485 824 632 858 quorum
658 814 876 849 cohaerentia
902 814 1090 859 significari
1116 815 1251 859 poterat
1285 815 1369 850 folia
1401 815 1521 850 adesse

323 870 563 915 deprehendit.
590 869 678 912 Quid
698 881 776 905 vero
796 871 888 905 foliis
917 872 984 906 136
1010 873 1045 905 et
1074 872 1139 906 137
1167 872 1301 906 factum
1325 873 1381 914 sit,
1400 874 1522 907 utrum

325 928 431 961 etiam
465 928 500 962 in
526 930 703 972 posterum
729 929 843 963 locum
876 929 966 962 inter
997 928 1231 972 quaternionis
1269 928 1406 963 XXVII
1440 928 1525 963 folia

324 984 535 1019 obtinuerint
571 994 692 1025 necne,
732 984 925 1018 discernere
960 993 1026 1018 non
1060 984 1244 1026 audemus,
1280 994 1359 1019 cum
1384 985 1428 1019 ad
1462 985 1525 1020 ab·

325 1041 527 1076 solvendam
552 1041 639 1076 hane
666 1042 900 1086 quaestionem
927 1040 1064 1076 nullum
1090 1042 1179 1076 adsit
1204 1040 1408 1077 subsidium.

440 1098 595 1142 Denique
621 1098 691 1132 iam
718 1108 822 1143 supra
848 1100 1157 1133 commemoratum
1196 1100 1266 1141 est,
1307 1109 1389 1142 quos
1422 1098 1523 1134 hodie

324 1155 361 1190 in
393 1156 661 1200 quaternionum
692 1155 833 1190 XXIIII
859 1157 894 1190 et
929 1155 1046 1190 XXVI
1077 1155 1170 1190 foliis
1209 1156 1369 1191 extremis
1409 1156 1524 1201 eisque

326 1213 434 1248 versis
461 1213 693 1258 conspicimus
711 1223 872 1248 numeros
897 1213 1063 1258 genuinos
1086 1223 1153 1247 uon
1172 1223 1256 1255 esse,
1276 1215 1334 1248 sed
1352 1214 1524 1257 profectos

325 1280 346 1305 a
371 1281 475 1305 manu
501 1269 612 1305 multo
638 1270 839 1305 recentiore.
867 1270 1087 1315 Interrogare
1113 1271 1221 1315 igitur
1238 1270 1331 1312 licet,
1352 1270 1525 1305 fuerintne

324 1328 394 1362 iam
431 1329 525 1369 tum,
566 1337 645 1362 cum
694 1328 826 1362 ratione
860 1327 982 1362 habita
1011 1331 1045 1362 et
1079 1327 1243 1362 orationis
1278 1327 1459 1363 continuae
1491 1330 1525 1362 et

325 1394 571 1426 numerorum,
614 1385 739 1429 quibus
787 1385 941 1430 singulos
985 1385 1226 1429 quaterniones
1270 1384 1525 1431 significaverat

326 1440 497 1483 librarius,
526 1441 652 1476 codicis
678 1443 790 1476 status
817 1441 1076 1482 restituebatur,
1109 1440 1199 1476 erasi
1229 1441 1365 1476 numeri
1383 1452 1403 1476 a
1420 1452 1524 1476 manu

324 1498 491 1543 primaria
508 1498 673 1543 adscripti
699 1508 821 1542 necne3
849 1509 969 1533 verum
987 1498 1176 1533 diiudicare
1194 1509 1271 1534 eam
1289 1498 1526 1543 quaestionem

323 1565 402 1590 cum
429 1565 648 1601 nequeamus,
675 1555 763 1591 nihil
789 1557 914 1597 restat,
948 1556 1012 1591 nisi
1042 1557 1079 1590 ut
1105 1555 1188 1600 quid
1213 1555 1250 1590 in
1275 1556 1419 1601 utroque
1443 1564 1526 1590 casu

322 1623 403 1647 eum
430 1613 487 1654 qui
513 1613 758 1657 quaterniones
785 1613 955 1658 disposuit
988 1613 1164 1648 facturum
1197 1613 1303 1647 fuisse
1336 1612 1526 1647 verisimile

321 1671 370 1705 sit
413 1670 633 1705 coniciamus.
695 1671 809 1715 Atque
853 1670 936 1715 quin
978 1669 1213 1715 quaternionis
1259 1669 1400 1705 XXIIII
1444 1670 1526 1704 folia

322 1728 520 1772 conquisita
545 1730 624 1771 apte
651 1728 847 1768 conlocarit,
875 1737 976 1762 nemo
1003 1727 1196 1769 dubitabit;
1221 1737 1332 1771 neque
1358 1728 1441 1770 quin
1466 1737 1526 1761 suo

324 1785 398 1819 loco
433 1784 695 1828 quaternionem
732 1783 875 1817 XXIIII
913 1782 1111 1827 reliquerit,
1150 1783 1185 1817 in
1224 1782 1367 1818 dubium
1410 1783 1526 1818 vocari

324 1843 452 1886 potest,
480 1851 558 1877 cum
585 1840 827 1885 quaterniones
853 1839 992 1882 XXIII,
1020 1840 1078 1884 qui
1106 1849 1212 1884 aeque
1238 1839 1374 1884 integer
1400 1843 1464 1882 est,
1492 1844 1526 1875 et

323 1899 468 1934 XXIIII
494 1899 585 1933 inter
610 1908 645 1932 se
664 1897 829 1932 orationis
848 1907 1000 1932 connexu
1019 1897 1235 1939 cohaereant,
1255 1897 1290 1933 id
1308 1898 1399 1942 quod
1415 1897 1527 1932 latere

326 1967 405 1991 eum
443 1965 512 1990 non
550 1957 695 2000 poterat.
748 1954 1017 1998 Quaternionem
1059 1964 1139 1989 vero
1183 1964 1221 1988 ex
1263 1955 1527 1998 quaternionum

325 2013 443 2049 XXVI
473 2012 572 2048 XXV
605 2012 679 2047 1111
714 2011 743 2045 V
782 2011 941 2056 partibus
980 2011 1186 2056 quibusdam
1228 2010 1456 2046 constitutum
1491 2011 1526 2045 in

322 2072 480 2107 ordinem
518 2080 586 2105 non
624 2080 696 2105 esse
734 2069 915 2104 redactum
948 2070 1018 2104 iam
1051 2079 1155 2113 supra
1193 2068 1363 2113 suspicati
1394 2078 1525 2109 sumus,

325 2128 392 2164 nisi
419 2128 510 2173 quod
536 2127 618 2163 folia
647 2128 714 2163 135
740 2129 773 2161 et
803 2127 880 2169 138,
908 2126 979 2161 sive
1006 2127 1040 2162 in
1068 2126 1127 2162 fol.
1157 2126 1241 2162 138v
1262 2126 1447 2161 etiamtum
1473 2125 1527 2160 le-

325 2186 474 2232 gebatur
499 2185 698 2231 q.XXVI,
739 2185 813 2219 sive
851 2184 926 2219 sola
964 2195 1049 2228 quae
1076 2184 1189 2219 adhuc
1224 2183 1435 2227 conspicitur
1468 2183 1528 2217 lit-

326 2244 440 2279 terula
474 2257 529 2291 q.,
564 2242 780 2287 quaternioni
817 2241 877 2275 isti
916 2242 1022 2276 mixto
1056 2242 1096 2276 ut
1129 2243 1281 2276 extrema
1313 2239 1528 2275 circumdata

328 2312 399 2336 esse
425 2301 671 2346 probabilitate
696 2300 813 2345 aliqua
839 2308 906 2334 non
933 2302 1037 2341 caret,
1064 2308 1277 2348 quamquam
1303 2307 1422 2332 eorum
1448 2306 1527 2332 cum

322 2359 447 2394 ceteris
486 2356 707 2394 cohaerentia
738 2356 922 2402 significari
962 2355 1136 2401 nequibat.
1190 2355 1345 2400 Denique
1382 2365 1525 2390 numero
