1721 2727
638 147 894 185 —129—

169 251 295 286 Omnes
318 250 404 286 illas
427 250 599 293 victimas,
617 261 706 295 quas
722 233 957 286 traducendds
976 250 1015 286 in
1032 250 1208 295 triumpho
1226 251 1358 296 locavit,

166 308 260 343 alias
276 308 348 344 alio
362 308 519 343 caedente
529 307 564 353 ¹),
578 310 733 343 mactate.
753 309 914 345 Hertzius
929 319 1008 345 vero
1021 309 1122 353 legit:
1144 308 1281 344 Omnis.
1297 338 1305 346 .
1321 338 1329 346 .
1344 339 1352 346 .

165 365 206 399 in
223 364 400 409 triumpho
423 364 562 408 dicavit,
587 364 683 399 alias
707 364 778 399 alio
795 365 936 400 ducente
952 365 1176 400 mactabitis?
1208 365 1359 401 Conlatis

168 422 291 458 horum
317 423 470 459 virorum
495 423 654 459 acumine
679 422 868 469 insignium
899 424 1102 460 coniecturis
1127 434 1206 459 cum
1232 423 1360 459 codicis

165 479 337 526 scriptura
361 480 615 527 desperandum
641 491 716 517 osse
741 482 783 517 de
807 481 1024 517 restituenda
1040 483 1189 526 genuina
1205 481 1359 517 oratione

166 537 313 574 Liviana
339 537 485 574 fortasse
517 539 619 573 erunt
656 538 716 584 qui
740 537 965 575 arbitrentur.
1016 538 1145 574 Verum
1170 539 1358 581 videamus,

165 605 278 631 annon
304 596 360 631 hic
386 605 518 641 quoque
544 596 638 641 leges
663 597 751 631 istae
770 596 818 632 -de
845 595 1125 642 compendiorum
1142 607 1207 632 usu
1224 607 1244 631 a
1262 596 1358 632 nobis

142 652 318 697 vprolatae
343 653 503 689 nonnihil
529 663 588 688 nos
614 654 732 689 iuvent
764 654 807 689 ad
838 653 1101 700 perpoliendum
1125 654 1239 689 locum
1273 654 1358 688 satis

165 708 353 746 difficilem.

281 777 397 821 Atque
421 777 574 821 primum
600 776 786 813 Servilium
816 777 1117 823 indignabundum
1158 788 1199 812 ex
1232 777 1357 812 militi-

164 832 229 867 bus
256 833 475 886 quaesivisse,
503 845 584 869 num
611 834 678 879 ipsi
703 834 740 869 in
765 844 865 869 suum
884 841 983 870 usum
1005 834 1165 871 victimas
1182 833 1357 880 triumpho

164 891 352 926 destinatas
379 892 562 927 mactaturi
593 893 720 932 essent‚-
744 892 959 938 negaverim;
986 902 1066 927 nam
1092 891 1266 936 triumpho
1291 902 1356 926 non

164 957 322 983 concesso
356 949 409 984 vix
444 948 615 984 militibus
641 948 804 984 victimae
839 949 1059 986 abducendae
1096 949 1240 985 donatae
1273 948 1357 983 fuis-

163 1006 250 1039 sent.
300 1005 353 1039 Ne
392 1016 470 1040 vero
507 1006 612 1040 verba
649 1006 719 1040 ista
759 1007 809 1040 ita
850 1006 1106 1051 intellegamus:
1149 1005 1247 1040 Num
1286 1006 1357 1049 for-

164 1063 253 1097 tasse
277 1061 368 1097 vobis
398 1074 485 1106 quae
516 1062 648 1107 adferet
679 1061 1083 1107 triumphusvcommoda
1114 1061 1265 1104 sumetis,
1291 1061 1357 1096 im-

157 1122 331 1164 peratori,
366 1120 466 1155 cuius
496 1120 536 1155 in
563 1131 618 1155 vos
645 1120 711 1155 ista
736 1120 898 1165 beneficia
923 1123 1042 1162 erunt,
1073 1119 1232 1155 honorem
1256 1119 1355 1154 dene-

159 1177 288 1221 yabitis
295 1177 324 1217 ?,
340 1177 558 1222 prohibemur
572 1177 713 1213 consilio
722 1176 870 1218 Servilii,
885 1188 986 1222 quem
1001 1178 1131 1212 animos
1138 1178 1354 1222 placaturum

162 1235 251 1279 apud
295 1234 423 1270 milites
465 1235 568 1270 verba
602 1234 723 1270 fecisse
766 1234 873 1270 totius
906 1234 1070 1270 orationis
1104 1236 1221 1270 tenore
1255 1233 1355 1268 dooe-

161 1302 253 1333 mur·‚
286 1291 428 1326 dicendo
463 1292 581 1326 autem
613 1302 728 1327 onmes
762 1291 846 1326 illas
878 1291 1051 1326 victimas.
1068 1319 1099 1326 ..
1129 1290 1355 1325 mactabitis?

162 1347 217 1383 vel
242 1358 357 1383 omnes
377 1368 416 1373 —
437 1350 583 1383 mactate
608 1348 752 1384 dubium
777 1359 845 1384 non
871 1350 934 1391 est,
961 1348 1043 1393 quin
1069 1348 1201 1383 animos
1219 1350 1271 1384 ira
1285 1347 1354 1383 iam

161 1415 326 1440 accensos
353 1406 461 1441 etiam
486 1406 597 1451 magis
623 1405 832 1441 inritaturus
868 1406 985 1441 fuerit.
1036 1404 1223 1441 Offendunt
1254 1415 1354 1451 prae-

161 1465 256 1497 terea
293 1463 399 1497 verba
434 1462 484 1497 ita
522 1462 720 1498 coniuncta:
757 1463 854 1497 alias
886 1463 960 1497 alio
990 1462 1147 1497 caedente
1179 1461 1354 1507 (ducente)

159 1521 306 1555 mactate
339 1519 591 1564 (mactabitis)?
641 1530 718 1555 cum
757 1520 872 1565 potius
909 1519 1091 1555 dicendum
1132 1521 1221 1555 esset
1262 1519 1356 1554 alias

159 1577 246 1612 alii
270 1577 445 1612 caedentes
469 1577 655 1623 (ducentes)
681 1580 828 1612 mactate
854 1577 1086 1622 (mactabitis).
1121 1577 1198 1621 Qua
1222 1577 1354 1612 ratione

158 1635 333 1680 permotus
362 1635 521 1679 equidem
547 1646 586 1670 ex
612 1634 746 1670 ALIOS
779 1645 845 1670 non
880 1634 1093 1680 ablativum,
1133 1636 1193 1670 sed
1231 1635 1353 1670 adver-

159 1692 255 1727 bium
280 1691 348 1727 loci
377 1692 451 1727 alio
475 1691 677 1734 restituam
713 1702 796 1728 nam
821 1691 902 1737 quid
929 1692 994 1728 sibi
1021 1692 1127 1728 vellet
1152 1692 1220 1728 ista
1252 1702 1354 1737 quae-

160 1749 239 1791 stio,
266 1749 380 1785 verbis
418 1749 583 1795 proximis
621 1750 789 1786 indicavit
830 1750 1017 1794 Servilius,
1054 1751 1241 1786 destinatas
1282 1761 1352 1785 esse

159 1806 318 1842 victimas
344 1806 433 1850 illas,
471 1807 530 1843 ubi
569 1807 721 1852 primum
752 1808 788 1844 in
821 1807 996 1853 triumpho
1022 1808 1201 1844 traductae
1227 1808 1350 1849 essent,

157 1864 200 1899 ad
226 1864 345 1909 epulas
371 1866 511 1900 senatus
543 1865 774 1908 adornandas‚
816 1875 900 1910 quas
939 1876 999 1900 nec
1030 1865 1173 1909 privato
1199 1865 1267 1900 loco
1292 1864 1367 1900 nec‘

153 1920 290 1965 publico
316 1921 488 1966 profano,
526 1921 585 1956 sed
622 1922 662 1956 in
700 1922 863 1966 capitolio
901 1924 1037 1958 tantum
1075 1922 1173 1957 edere
1214 1922 1351 1957 licebat.

157 1979 391 2025 Interrogasse
429 1978 536 2025 igitur
577 1979 713 2016 videtur
752 1979 936 2016 Servilius:
984 1980 1135 2015 Ubinam
1174 1981 1352 2016 comedent

157 2037 223 2074 viri
248 2036 412 2072 senatorii
439 2037 555 2082 epulas
580 2038 659 2074 illas
684 2038 942 2083 triumphales?
967 2049 1051 2074 num
1077 2038 1246 2080 victimas
1265 2048 1351 2082 quae

156 2094 226 2130 iam
258 2094 301 2129 ad
337 2103 394 2129 eas
429 2094 650 2130 instruendas
682 2096 823 2141 paratae
854 2097 950 2138 sunt,
993 2095 1080 2131 alias
1118 2095 1186 2130 alio
1223 2095 1350 2129 ducent

155 2153 259 2196 atque
284 2151 503 2194 mactabunt,
542 2161 620 2186 cum
646 2151 713 2187 nisi
737 2151 773 2187 in
799 2151 970 2196 Capitolio
996 2153 1116 2198 epulas
1149 2152 1233 2187 istas
1266 2162 1348 2186 nus-

157 2218 261 2253 quam
288 2208 457 2245 celebrare
481 2208 610 2245 liceat?
1097 2238 1126 2254 ,f

271 2334 295 2370 ¹)
317 2332 376 2362 Pro
397 2331 548 2368 caedente,
569 2331 605 2361 de
624 2340 681 2369 quo
701 2331 841 2361 dubitare
862 2340 891 2360 se
912 2332 966 2367 ait,
989 2331 1141 2361 dividente
1160 2331 1347 2360 scribendum

155 2388 217 2409 esse
237 2379 268 2409 in
289 2379 479 2411 adnotatione
499 2379 603 2409 critica
622 2379 796 2417 suspicatur.

1178 2428 1196 2454 9
