1721 2727
755 169 990 203 „34-

274 272 453 308 Nimirum
472 272 716 317 quaternionis
743 272 878 307 XXXII
905 271 1062 318 margine
1087 273 1223 319 integro
1256 283 1364 318 neque
1397 283 1474 308 um-

225 322 231 326 ’
274 339 378 375 quam
404 328 544 364 cultello
569 329 663 364 tacto
689 329 725 364 et
750 328 929 374 quaternio
946 328 1100 373 proxime
1116 331 1321 375 praecedens
1338 332 1374 365 et
1390 340 1473 376 qua-

105 1112 239 1135 Vocabulo-

86 1146 139 1162 rum
155 1141 259 1169 syllaba-

85 1174 168 1191 rumve
189 1176 231 1197 rep

119 1197 220 1219 titiones

273 387 386 423 ternio
412 387 564 431 proxime
588 387 773 432 insequens
798 385 849 422 ita
880 385 1079 423 circumcisi
1116 388 1217 430 sunt,
1256 389 1295 423 ut
1331 385 1473 433 dempto

273 445 497 489 quaternione
513 443 649 478 XXXII
674 443 856 489 margines
876 443 1039 479 foliorum
1066 444 1134 480 173
1159 446 1194 479 et
1221 446 1299 488 182,
1326 455 1412 490 quae
1436 445 1474 480 in

272 501 334 536 illo
359 510 447 536 novo
464 500 583 535 ordine
600 510 675 536 sese
699 499 927 546 excipiebant,
953 511 1093 547 prorsus
1113 508 1216 547 pares
1242 501 1334 537 inter
1358 512 1395 538 se
1420 501 1474 537 in-

273 559 467 594 veniantur.
486 559 669 593 Praeterea
686 557 770 594 folia
785 558 853 593 136
867 560 902 593 et
922 558 1001 600 137,
1017 569 1103 603 quae
1119 558 1194 594 loco
1211 569 1271 594 suo
1289 560 1473 596 deturbata

273 614 377 650 fuisse
402 615 568 658 diximus,
595 614 695 651 hodie
720 615 789 650 situ
815 617 889 650 tam
914 615 1084 650 deformia
1115 617 1213 658 sunt,
1247 616 1289 650 ut
1312 615 1380 650 sibi
1405 616 1472 651 ini-

272 674 371 718 quius
397 672 531 708 factum
558 683 629 708 esse
655 673 748 708 clara
778 682 860 708 voce
890 672 1050 717 conqueri
1082 671 1275 708 videantur.
1324 673 1473 709 Accedit

272 740 312 764 ea
337 739 448 773 neque
474 730 510 763 in
543 729 765 765 latitudinem
797 740 907 774 neque
937 730 975 764 in
1009 726 1263 775 longitudinem
1301 730 1471 774 quadrare

271 796 351 822 cum
377 786 426 822 eis
451 795 538 832 quae
564 785 666 822 hodie
693 785 810 821 vicina
839 787 921 821 sunt
953 785 1046 822 foliis
1073 786 1141 822 135
1167 787 1201 821 et
1228 786 1308 823 138.
1349 785 1471 832 Neque

271 843 359 878 illud
385 844 649 890 neglegendum,
677 843 838 878 foliorum
866 843 934 878 136
960 846 995 879 et
1023 844 1089 879 137
1116 844 1272 886 tantum,
1309 844 1470 879 foliorum

271 899 340 935 135
365 901 400 935 et
429 900 496 935 138
522 909 589 934 non
621 899 708 934 item
742 909 797 934 eos
830 900 974 946 angulos
1006 910 1090 945 quos
1121 900 1293 945 margines
1324 900 1470 935 exterior

271 958 306 993 et
329 957 474 993 inferior
501 956 658 993 efficiunt
684 967 758 992 esse
784 958 943 993 resectos.

384 1109 477 1153 Quae
510 1108 546 1143 in
578 1108 812 1154 superioribus
850 1108 1066 1153 exposuimus
1093 1108 1135 1144 de
1167 1107 1293 1144 codicis
1328 1109 1469 1153 quater-

233 1177 258 1193 e·
270 1166 432 1201 nionibus
459 1165 617 1210 foliisque
646 1166 698 1201 bis
727 1166 764 1200 in
782 1165 948 1207 ordinem,
967 1175 1088 1200 verum
1105 1175 1306 1209 perversum
1323 1165 1468 1200 redactis

270 1223 520 1258 confirmantur
545 1221 682 1268 egregie
708 1221 847 1257 indiciis
873 1232 940 1257 non
967 1221 1138 1264 obscuris,
1165 1221 1256 1257 unde
1281 1221 1469 1267 posteriore

270 1280 396 1321 aetate,
423 1279 569 1314 fortasse
591 1278 827 1323 compluribus
854 1278 1002 1313 saeculis
1019 1281 1109 1324 post,
1137 1280 1179 1314 ab
1205 1278 1343 1314 homine
1368 1278 1406 1313 in
1430 1289 1468 1313 re

269 1336 446 1372 litteraria.
470 1335 581 1380 magis
607 1336 762 1378 versato,
791 1334 851 1379 qui
868 1334 1011 1380 quidem
1030 1336 1163 1370 statum
1180 1335 1306 1371 codicis
1331 1337 1468 1380 pertur-

268 1395 390 1431 batum
416 1404 488 1429 esse
514 1393 752 1438 perspexerat,
790 1391 1038 1427 nonnullorum
1064 1392 1329 1438 quaternionum
1354 1391 1465 1437 pluri-

268 1461 473 1495 morumque
510 1449 672 1484 foliorum
712 1449 803 1484 male
839 1449 930 1484 inter
962 1460 997 1484 se
1029 1450 1287 1485 cohaerentium
1312 1450 1467 1484 ordinem

266 1507 451 1554 pristinum
477 1517 515 1543 eo
539 1506 745 1542 restitutum
771 1508 873 1552 atque
899 1506 1091 1543 indicatum
1123 1517 1195 1542 esse
1228 1507 1397 1548 videmus,
1425 1507 1466 1540 ut

228 1559 235 1572 ¹
266 1565 428 1599 foliorum
442 1563 698 1599 cohaerentiam
715 1564 798 1598 totis
814 1563 990 1598 vocabulis
1008 1565 1293 1599 vocabulorumve
1310 1563 1467 1607 partibus

265 1621 323 1656 vel
347 1621 385 1656 in
410 1620 492 1656 folio
517 1629 614 1656 verso
639 1620 733 1655 infra
762 1620 892 1655 lineam
918 1620 973 1656 vel
999 1622 1034 1655 et
1059 1619 1097 1654 in
1129 1618 1210 1655 folio
1243 1629 1342 1654 verso
1376 1618 1468 1654 infra
1518 1636 1521 1640 ·

264 1679 394 1714 lineam
407 1679 442 1714 et
449 1678 604 1723 proximo
617 1679 710 1714 recto
723 1687 828 1723 supra
834 1677 965 1714 lineam
978 1677 1136 1722 repetitis
1149 1677 1357 1722 significaret
1371 1677 1467 1713 velut

381 1745 438 1780 fol.
468 1744 551 1779 173v
578 1744 638 1779 lin.
665 1744 711 1779 29
816 1744 1102 1779 FINITIMAAR

1004 1801 1110 1836 arctis
1135 1800 1294 1836 faucibus

379 1858 438 1893 fol.
468 1858 548 1893 174¹
581 1857 644 1893 lin.
671 1858 689 1893 1

494 1916 601 1950 arctis
620 1915 713 1951 fauci
741 1915 1276 1952 TISFAUCIBUSDIRIMENS

379 1972 437 2008 fol.
467 1972 552 2007 174v
582 1971 644 2007 lin.
671 1972 727 2008 29.
860 1970 1231 2007 HABUITIPSEUBI

1136 2029 1195 2064 ubi
1221 2028 1292 2063 dies

381 2086 440 2121 fol.
469 2087 550 2122 175¹
581 2087 604 2123 1.
632 2087 652 2121 7

492 2145 553 2180 ubi
578 2145 650 2179 dies
676 2143 945 2179 DIESUENIT.
961 2169 969 2178 .
987 2169 1016 2177 ..

381 2200 439 2236 fol.
470 2200 553 2236 175v
583 2201 606 2236 1.
633 2201 679 2236 29
703 2228 713 2237 .
729 2229 737 2237 .
753 2228 761 2236 .
785 2198 1257 2244 NEQUECONUBIUMNE

1200 2266 1276 2301 neq.

380 2313 438 2348 fol.
468 2314 536 2348 176
561 2314 584 2348 l.
614 2314 632 2347 1

491 2381 576 2416 neq:
627 2368 1016 2414 Q.COMMEROIUM.
1034 2396 1066 2405 ..
