1721 2727
684 190 920 224 „17—

205 293 331 328 iterum
358 291 572 328 Christianae
598 294 743 329 dicionis
769 295 900 330 factum
926 305 1000 330 esse
1024 295 1278 339 Dorostadium,
1305 301 1399 341 post-

206 359 308 395 quam
336 349 457 386 Carolo
490 350 634 396 Pipinus
673 351 837 387 successit
861 362 944 396 rex,
984 363 1022 387 ex
1056 353 1147 387 vitae
1184 363 1210 389 S.
1244 354 1401 400 Gregorii

206 417 233 442 c.
275 408 318 442 10
354 408 539 452 comperire
584 409 683 451 licet;
733 420 759 444 s.
803 409 989 454 Gregorius
1031 410 1123 445 enim
1164 422 1190 446 s.
1233 411 1401 446 Bonifatii

205 464 300 499 iussu
327 465 522 500 Dorostadii
554 475 697 501 munera
727 468 889 515 narratur
920 467 1065 509 obiisse,
1100 477 1187 512 quae
1219 468 1262 502 ad
1294 468 1401 503 eccle-

205 523 277 557 siae
318 533 436 557 euram
476 522 706 568 pertinerent:
747 523 806 558 Ad
842 523 924 559 haec
970 525 1085 558 uectem
1124 524 1290 559 universa
1331 536 1402 560 non

170 600 174 603 <
205 579 333 615 modice
357 580 500 625 adjutus
523 584 570 616 est
593 581 636 616 ab
660 580 773 627 electis
799 581 983 625 discipulis
999 582 1082 626 suis,
1096 584 1175 626 post
1193 582 1403 627 mayistrum

205 636 413 671 clar-issimis
431 637 735 680 praedicatoribus
760 640 791 672 et
815 637 986 672 columnis
1009 639 1186 673 Ecclesiae
1210 638 1299 673 Dei:
1323 650 1403 682 quo-

205 704 286 727 rum
311 694 548 738 unusquisque
571 694 745 729 civitatem
770 696 801 729 et
817 695 989 740 reyionem
1005 705 1106 729 suam
1132 695 1167 738 (i.
1187 706 1215 731 e.
1233 705 1319 740 quae
1334 695 1402 741 ipsi

206 752 280 785 erat
320 751 520 797 mandata),
561 751 649 786 sicut
691 751 836 796 Lucifer
875 762 979 786 mane
1014 751 1144 795 oriens,
1182 752 1402 787 illuminavit

205 807 379 851 exemplis
430 806 483 842 Et
518 807 679 842 doctrina
711 818 777 842 sua
813 807 930 843 beatus
967 807 1158 853 Greyorius
1191 808 1402 850 Traiectum,

205 864 392 908 antiquam
416 865 604 907 civitatem,
641 867 673 899 et
696 865 809 899 vicum
831 865 1007 909 famosum
1030 864 1189 899 Dorstad
1225 876 1303 899 cum
1336 864 1403 899 illa

207 921 398 956 irradiavit
408 924 511 966 parte
523 921 723 967 fresoniae,
741 933 828 966 quac
845 924 927 957 tunc
943 922 1107 969 temporis
1122 921 1405 958 Christianitatis

210 979 350 1012 nomine
386 978 594 1013 censebatur.
645 978 744 1013 Idem
780 989 886 1022 usque
927 979 967 1013 in
1006 979 1126 1022 ripam
1162 979 1405 1013 occidentalem

203 1034 366 1079 fluminis
402 1035 491 1079 quod
521 1034 653 1071 dicitur
682 1035 850 1081 Laybeki,
892 1036 952 1071 ubi
983 1036 1174 1081 confinium
1203 1037 1279 1070 crat
1304 1034 1407 1070 Chri-

206 1092 405 1127 stianorum
430 1092 621 1127 Fresonum
646 1104 687 1127 uc
709 1104 942 1138 payanorum,
966 1093 1102 1128 cunctis
1118 1093 1236 1127 dicbus
1252 1092 1408 1136 Pippini

205 1149 303 1194 reyis
313 1148 352 1191 ¹).
837 1155 840 1158 '

322 1205 409 1241 Erat
432 1205 540 1250 igitur
566 1217 594 1242 s.
621 1207 823 1251 Gregorius,
850 1208 889 1242 ut
920 1208 970 1242 ita
1001 1206 1125 1248 dicam,
1151 1208 1214 1242 sub
1241 1217 1268 1241 s.
1297 1207 1403 1242 Boni·
1432 1240 1436 1244 .

209 1262 295 1298 satio
320 1263 596 1298 Dorostadiensis
622 1264 788 1299 ecclesiae
813 1265 932 1306 rector,
957 1264 1068 1308 quoad
1085 1274 1174 1299 anno
1194 1264 1273 1298 755.
1292 1274 1322 1308 p.
1341 1263 1403 1298 Ch.

210 1315 282 1365 ipse
307 1320 488 1356 ecclesiam
513 1320 777 1356 Ultraiectinam
804 1321 954 1365 suscepit
982 1321 1178 1367 regendam.
1205 1321 1278 1364 Quo
1295 1320 1405 1371 *facto

213 1377 358 1411 dubium
390 1387 458 1412 non
490 1380 559 1418 est,
600 1378 680 1421 quin
714 1378 886 1413 suffecerit
917 1378 954 1412 in
979 1388 1079 1413 suum
1103 1379 1229 1418 locum,
1257 1378 1316 1422 qui
1342 1378 1407 1412 sub

209 1433 282 1478 ipso
307 1434 468 1469 ecclesiae
494 1435 751 1469 Dorastadiensi
776 1434 895 1471 eadem
921 1433 1120 1476 condicione
1136 1435 1321 1479 praeesset,
1341 1443 1409 1478 qua

208 1492 280 1536 ipse
305 1491 358 1527 illi
383 1492 581 1536 praefuerat
607 1493 792 1536 superstite
818 1502 845 1526 s.
866 1492 1053 1527 Bonifatio.
1088 1492 1180 1527 Nam
1206 1502 1316 1536 neque
1342 1490 1406 1526 sub

209 1547 282 1593 ipso
324 1559 350 1584 s.
390 1548 554 1595 Gregorio
595 1559 702 1594 neque
739 1549 802 1584 sub
844 1549 918 1584 eius
959 1558 1155 1584 successore
1193 1548 1226 1583 b.
1264 1548 1408 1582 Albrico

211 1607 432 1652 (775—784)
464 1607 584 1652 religio
618 1607 816 1642 Christiana
840 1606 876 1641 in
902 1606 1016 1641 Frisia
1045 1607 1235 1641 decrevisse
1260 1605 1408 1647 videtur,

211 1673 290 1698 cum
315 1673 424 1698 novae
448 1664 698 1698 deducerentur
723 1664 875 1698 coloniae
901 1662 1120 1698 Christianae
1154 1664 1257 1707 atque
1282 1662 1406 1697 Ostra-

212 1720 296 1754 chae
321 1721 358 1754 in
382 1719 458 1763 ipso
484 1720 566 1762 loco,
592 1720 694 1754 ubis.
712 1720 925 1765 Bonifatius
948 1722 997 1754 cst
1021 1722 1204 1754 coronatus
1229 1718 1408 1762 martyrio,

210 1776 395 1823 Liutgerus
428 1776 693 1812 constitueretur
717 1777 831 1812 doctor
855 1776 1044 1812 Ecclesiae.
1096 1777 1207 1811 Immo
1241 1775 1409 1810 habemus

211 1834 443 1869 certissimum
470 1834 720 1876 testimonium,
747 1835 837 1869 unde
863 1833 1005 1869 Albrico
1030 1834 1208 1869 ecclesiam
1235 1831 1408 1867 Ultraiec-

212 1890 323 1925 tinam
339 1890 556 1935 gubernante
565 1891 761 1926 Dorostadii
776 1891 958 1926 ecclesiam
967 1891 1072 1925 fuisse
1086 1891 1243 1931 sciamus,
1258 1889 1412 1934 diploma

210 1948 292 1983 anni
311 1948 377 1983 777
398 1959 463 1994 quo
483 1948 643 1984 Karolus
659 1949 825 1984 basilicae
842 1948 876 1984 S.
897 1948 1057 1983 Martini
1074 1948 1115 1982 in
1131 1947 1289 1982 Traiecto
1305 1948 1411 1981 vetere

212 2006 326 2041 subter
357 2005 551 2040 Dorestado
581 2008 810 2048 constructae,
847 2006 906 2041 cui
942 2005 1108 2041 Albricus
1144 2007 1252 2039 rector
1288 2003 1412 2038 electus

209 2067 367 2107 praeest,
408 2063 533 2099 villam
573 2075 675 2098 suam
715 2062 947 2098 Lisiclunam.
963 2090 970 2097 .
988 2088 1017 2097 ..
1052 2062 1197 2106 itemque
1238 2061 1414 2097 ecclesiam

218 2120 251 2156 U
254 2121 426 2155 blcirilcam
457 2132 567 2165 supra
584 2119 749 2155 Dorestat
774 2122 1005 2155 constructam
1029 2117 1180 2164 donat2).
1200 2118 1286 2154 Cum
1304 2118 1413 2162 igitur

211 2180 246 2214 et
271 2179 426 2215 floruerit
451 2189 477 2213 s.
505 2177 663 2223 Gregorii
696 2178 837 2223 eiusque
863 2178 1067 2212 successoris
1093 2178 1243 2221 tempore
1269 2174 1413 2210 ecclesia

210 2235 487 2272 Dorostadiensis
513 2245 620 2280 neque
646 2234 761 2269 doctor
785 2235 891 2278 alius,
931 2234 989 2280 qui
1023 2235 1099 2269 tum
1125 2234 1213 2269 hanc
1238 2232 1412 2268 ecclesiam

326 2363 347 2397 ¹)
369 2361 411 2391 Cf.
433 2361 453 2391 l.
474 2370 497 2391 o.
518 2370 545 2397 p.
569 2362 634 2390 759.
718 2390 721 2393 ,

326 2409 349 2445 ²)
370 2407 416 2437 Cf.
440 2408 546 2437 Sickel.
568 2407 588 2436 1.
609 2416 633 2436 c.
657 2416 683 2443 p.
706 2409 742 2436 34
762 2416 791 2436 n.
815 2409 862 2435 62.
