1721 2727
776 200 1013 235 —14-

290 298 493 335 certissimis
526 302 616 346 quod
649 305 782 348 pugnat
804 275 957 349 diploma
983 302 1097 339 Caroli
1121 304 1170 340 M.
1197 306 1240 340 ad
1265 274 1491 342 annum'7769

291 355 523 402 referendum,
550 360 586 395 id
611 359 811 405 diplomatis
838 361 953 406 potius
979 371 1085 406 quam
1110 361 1387 398 testimoniorum
1405 373 1491 408 quae

290 413 480 449 adtulimus
513 415 616 451 fidem
643 417 783 453 debebit
809 418 999 463 infringere
1009 417 1048 463 ¹).

111 481 280 534 {ffbffiiffoss'z
405 480 535 517 Similis
563 482 634 518 fere
659 486 734 519 erat
760 484 915 520 condicio
942 484 1017 520 eius
1043 484 1102 530 qui
1127 485 1294 520 successit
1317 484 1350 520 b.
1370 485 1493 521 Albri-

140 539 242 564 difflue·
291 549 360 582 cus,
387 550 487 583 quem
515 541 616 584 apud·
632 541 866 589 Altfridum2)
900 542 1049 588 legimus
1084 544 1120 577 et
1151 542 1338 587 suscepisse
1369 554 1491 578 curam

285 596 504 639 pastoralem
537 599 571 632 et
602 598 739 634 misisse
773 599 976 645 Liutgerum
1003 598 1191 634 diaconum
1216 599 1265 633 ad
1283 600 1491 644 perquirere·
1511 611 1515 623 ·

288 652 371 687 dum
398 664 424 688 s.
451 653 601 689 Lebuini
626 666 751 703 corpus
767 658 798 691 et
817 656 994 692 ecclesiam
1011 655 1302 692 Daventriensem
1319 667 1491 700 reparan-

288 709 372 745 dam
396 712 431 746 et
449 714 531 755 post
556 711 640 748 haec
657 712 865 759 Mutyerum
891 716 923 750 et
949 725 1027 749 cum
1051 724 1092 748 co
1115 713 1206 749 alios
1230 723 1343 749 servos
1359 713 1429 749 Dei
1452 716 1491 749 ut

287 767 500 802 destruerent
529 769 622 813 fana
647 770 821 805 idolorum
852 773 882 805 et
912 771 1035 806 varias
1066 771 1227 806 culturas
1251 771 1423 806 idolorum
1448 772 1489 806 in

284 826 383 869 yente
415 824 622 862 Fresonum.
675 827 723 863 Ex
755 827 881 873 quibus
913 828 998 864 locis
1031 830 1123 864 recte
1161 828 1244 863 licet
1274 829 1487 872 concludere,

287 882 471 918 Albricum
500 885 650 930 episcopi
675 897 822 922 munera
846 886 992 929 obiisse;
1020 887 1165 922 eundem
1191 896 1273 922 vero
1298 888 1382 923 tunc
1399 888 1488 922 tem-

286 941 379 982 poris
404 940 600 986 legitimum
620 942 818 988 episcopum
836 944 988 978 nondum
1007 943 1115 979 fuisse
1133 944 1305 979 evincitur
1322 944 1377 978 his
1397 944 1488 979 vitae

287 997 418 1033 verbis:
445 998 614 1035 Albricus
638 1003 764 1045 autem,
790 1012 884 1036 cum
909 1001 955 1035 in
980 1000 1152 1036 colonia
1177 1001 1368 1036 civitate
1390 1012 1488 1047 qra-

284 1054 382 1088 dum
407 1057 650 1100 accepisset
676 1058 980 1102 episcopalem,
1005 1058 1087 1103 fecit
1104 1061 1135 1093 et
1152 1059 1359 1104 Liutyerum
1374 1070 1487 1094 secum

281 1112 488 1156 presbyterii
509 1115 689 1159 percipere
711 1116 864 1161 yradum
889 1118 919 1150 et
945 1116 1123 1151 constituit
1140 1127 1218 1151 eum
1234 1116 1401 1151 doctorem
1418 1115 1487 1151 Ec-

283 1169 408 1204 clesiae
433 1169 473 1204 in
493 1182 588 1216 pago
616 1171 804 1207 Ostrackae
835 1173 876 1207 in
908 1173 995 1217 loco
1033 1173 1092 1208 ubi
1128 1184 1155 1208 s.
1188 1173 1403 1218 Bonifacius
1438 1175 1486 1209 est

282 1228 467 1261 coronatus
490 1229 672 1273 martyrio.

100 1295 271 1348 ξξὲζξὲξζυξῃηξ
397 1296 601 1331 Invenimus
643 1296 751 1341 igitur
790 1297 826 1331 in
867 1296 910 1331 iis
952 1306 1038 1341 quae
1089 1264 1279 1332 adtulimus
1322 1298 1485 1342 quattuor

108 1360 264 1383 ‘1⁰08212012·
285 1355 503 1390 sacerdotum
529 1365 670 1401 genera:
698 1354 946 1400 Episcopos
965 1364 1105 1397 veros,
1143 1355 1202 1399 qui
1240 1365 1384 1390 munera
1416 1364 1484 1391 non

283 1413 396 1447 solum
436 1413 550 1447 omnia
590 1412 740 1456 episcopi
766 1412 927 1452 obibant,
954 1412 1014 1446 sed
1041 1412 1147 1446 etiam
1170 1411 1324 1456 gradum
1349 1423 1484 1456 aecepe-

282 1472 367 1503 rant
397 1469 643 1513 episcopalem,
683 1468 803 1513 quales
835 1471 934 1503 erant
965 1479 990 1504 s.
1017 1468 1215 1503 Bonifatius
1241 1470 1276 1502 et
1302 1470 1483 1513 postquam

278 1526 432 1571 ‚qradum
457 1526 587 1570 accepit
616 1525 846 1570 episcopalem
865 1525 1042 1567 Albricus;
1068 1526 1292 1571 episcopos
1318 1525 1378 1570 qui
1401 1536 1484 1571 yra-

279 1583 365 1617 dum
390 1586 594 1627 acceperant
619 1582 858 1626 episcopalem,
884 1593 1003 1617 verum
1021 1582 1082 1622 ita,
1109 1585 1149 1616 ut
1174 1592 1242 1616 non
1260 1583 1395 1626 proprio
1420 1593 1482 1617 no-

279 1641 372 1676 mine
414 1641 595 1676 ecclesiam
634 1641 786 1686 aliquam
818 1639 1122 1682 administrarent,
1166 1639 1226 1674 sed
1258 1639 1481 1675 adiutores

278 1701 392 1733 essent
419 1699 507 1734 alius
534 1698 713 1733 cuiusdam
738 1697 896 1733 eeclesiae
912 1697 1065 1740 rectoris,
1092 1697 1205 1742 qualis
1232 1698 1307 1733 erat
1332 1696 1481 1732 Aluber-

278 1759 350 1799 tus;
389 1755 694 1801 presbyteros,
730 1755 802 1800 qui
829 1755 988 1800 quamvis
1012 1756 1273 1800 perseverarent
1298 1754 1340 1789 in
1363 1753 1481 1800 yradu

272 1813 500 1858 presbyterii,
539 1813 763 1849 nonnullis
795 1815 937 1848 tamen
963 1806 1260 1858 fungebantur
1285 1812 1479 1847 muneri-

276 1871 352 1906 bus
380 1871 722 1916 episcopalibus,
741 1870 898 1914 inprimis
924 1870 976 1912 iis,
996 1880 1082 1913 quae
1103 1869 1255 1914 theologi
1278 1869 1481 1904 iurisdic-

277 1929 412 1963 tionis
438 1928 577 1963 nomine
596 1927 909 1972 comprehendunt,
941 1926 1068 1971 quique
1086 1936 1164 1962 eam
1189 1927 1232 1961 ob
1257 1936 1396 1961 causam
1414 1925 1479 1961 ali-

277 1996 344 2030 qua
370 1997 409 2021 ex
435 1987 533 2030 parte
559 1984 755 2030 episcopi
782 1984 1007 2027 vocabantur,
1025 1983 1137 2028 qualis
1155 1986 1230 2018 erat
1248 1994 1274 2019 s.
1293 1984 1478 2029 Gregorius

277 2045 312 2078 et
336 2044 522 2087 antequam
548 2044 590 2077 ad
614 2041 768 2086 gradum
792 2040 1019 2084 episcopalem
1050 2040 1208 2085 pervenit
1240 2051 1267 2076 s.
1293 2039 1476 2082 Albricus;

392 2178 413 2212 ¹)
435 2175 478 2205 Cf.
491 2176 642 2213 Reqesten
659 2174 713 2203 der
725 2172 892 2203 Urkunden
907 2172 962 2203 der
978 2176 1079 2203 ersten
1090 2173 1278 2212 Karolinyer
1295 2173 1476 2210 (751—840)

275 2233 333 2253 von
348 2224 399 2251 Th.
418 2223 524 2257 Sickel,
543 2223 633 2251 Wien
653 2221 743 2255 1867,
765 2229 792 2256 p.
815 2223 859 2249 16.
879 2229 909 2248 n.
931 2223 958 2255 2,
979 2221 1132 2254 ubi‚1ieet
1152 2221 1281 2257 diploma
1301 2219 1379 2248 illud
1398 2220 1477 2249 inter

274 2271 404 2309 genuina
439 2270 642 2303 enumeretur
675 2277 730 2297 vox
770 2267 939 2305 episcopi
975 2268 1074 2297 tamen
1106 2267 1190 2297 uncis
1220 2266 1405 2304 includitur,
1445 2268 1476 2296 et

275 2317 576 2356 Kirchenqeschichte
607 2315 832 2345 Deutschlands
861 2324 888 2344 υ
916 2314 973 2344 Dr.
1005 2315 1062 2345 Fr.
1084 2315 1178 2345 With.
1208 2314 1361 2352 Rettbery.
1402 2314 1475 2345 Get-

274 2366 379 2403 tinyen
400 2368 491 2395 1848.
512 2365 536 2394 1.
558 2373 584 2401 p.
606 2366 671 2393 533

392 2416 414 2451 ²)
436 2413 479 2443 Cf.
502 2422 526 2444 c.
550 2415 585 2442 14
606 2411 637 2440 in
659 2411 742 2440 Mon.
772 2410 872 2440 Germ
894 2410 913 2440 l.
937 2420 959 2440 c.
