1721 2727
695 168 954 203 —101—

219 272 350 314 tendet,
365 272 422 315 qui
437 272 633 306 recordatus
652 271 728 313 erit,
744 271 889 306 eundem
903 270 1051 312 Livium,
1067 270 1125 314 qui
1143 270 1179 304 in
1193 271 1214 305 l.
1229 271 1416 312 XXXIIII,

215 329 282 370 52,
315 328 359 364 10
384 327 540 374 scripsit:
579 328 685 363 secuti
721 339 864 363 currum
901 327 1028 362 milites
1063 327 1275 372 frequentes,
1316 338 1416 363 versu

218 386 373 420 eiusdem
413 385 536 429 capitis
562 384 763 420 duodecimo
796 385 969 419 exhibere:
1000 384 1239 427 praebuerunt
1272 385 1417 427 speciem

216 440 394 486 triumpho
406 441 579 486 capitibus
596 441 689 476 rasis
706 441 822 483 secuti,
840 441 900 485 qui
920 441 1081 476 servitute
1097 442 1245 486 exempti
1260 442 1416 486 fuerant,

219 499 333 543 legam
370 501 472 543 atque
510 499 719 542 distinguam
761 498 825 533 hoc
862 499 978 533 modo:
1016 499 1133 542 ''XIIL
1177 500 1215 535 8.
1230 526 1262 535 ..
1301 499 1417 542 itaque

215 555 336 596 taciti,
374 557 413 589 ut
444 555 553 589 iratos
577 564 645 588 esse
675 554 836 596 sentires,
874 555 978 589 secuti
1003 556 1100 597 sunt,
1134 565 1211 589 cum
1236 556 1266 589 is
1291 555 1416 590 trium-

212 606 308 657 phus
324 613 365 648 ole
378 612 570 657 Liyuribus
587 611 764 657 ayebatur.
778 611 927 656 —XIV,
946 613 974 647 l.
995 611 1141 656 Ligures
1159 614 1361 657 postquam.
1378 642 1384 648 .
1402 641 1409 648 .

330 773 420 815 XLI,
450 773 503 815 15,
537 773 569 808 9.
622 772 770 807 Citerior
802 772 984 816 Hispania
1024 771 1210 807 obvenerat.
1262 773 1414 809 Consen-
1436 779 1494 806 XLI,
1512 781 1546 807 1⁵.
1563 782 1584 803 ⁹-

218 830 310 865 tiunt
337 832 374 865 in
400 830 463 865 hac
489 830 659 873 scriptura
684 829 811 864 codicis
837 829 967 864 tuenda
992 839 1109 864 omnes
1126 829 1193 864 viri
1219 829 1323 865 docti.
1349 830 1415 866 Sed

216 887 349 927 dubito,
378 897 461 920 num
488 886 631 930 reperiri
657 886 766 931 possit
792 887 888 922 aliud
914 886 1110 930 exemplum
1127 878 1345 921 huius'verbi
1365 887 1416 922 ita

213 944 307 977 nude
340 943 461 986 positi,
501 952 581 976 nam
620 943 746 986 ubique
772 944 939 987 quantum
972 944 1040 977 scio
1075 943 1298 987 coniungitur
1335 954 1414 978 cum

216 999 353 1047 dativ03
393 998 436 1034 cf.
464 998 548 1042 VII,
579 1000 637 1042 16,
672 1000 694 1035 3
726 999 786 1034 Ea
807 999 994 1044 provincia
1029 998 1063 1034 G.
1089 999 1242 1034 ·Manlio
1267 999 1414 1041 obvenit,

217 1058 279 1098 IX,
306 1057 362 1099 31,
392 1057 409 1091 1
438 1057 545 1091 Iunio
564 1056 751 1099 Samnites,
779 1057 930 1092 Aemilio
955 1067 1082 1091 novum
1108 1056 1233 1092 bellum
1260 1056 1413 1093 Etruria

216 1115 304 1147 sorte
329 1113 474 1155 obvenit3
507 1112 549 1155 X,
579 1113 633 1154 12,
660 1114 681 1147 3
708 1113 868 1157 Scipioni
893 1112 1057 1155 Etruria,
1084 1112 1213 1147 Fulvio
1239 1113 1415 1149 Sanmites

212 1171 442 1215 obvenerunt‚·
482 1170 560 1213 XL,
595 1172 651 1214 35,
679 1171 699 1207 8
731 1172 774 1206 Α.
801 1170 952 1206 Hostilio
977 1170 1132 1213 urbana,
1167 1170 1221 1205 Ti.
1250 1170 1413 1208 Illinueio

210 1228 403 1272 pereyrina
427 1229 576 1270 obvenit;
612 1229 710 1269 XLI,
737 1229 770 1270 9,
797 1229 818 1263 8
846 1228 997 1263 Claudio
1021 1228 1181 1270 Histria,
1208 1229 1413 1272 Sempronio

214 1283 394 1320 Sardinia
412 1284 544 1319 obvenit
552 1296 566 1328 ‚·
590 1284 681 1327 XLI,
702 1284 757 1326 14,
776 1284 798 1319 9
815 1287 871 1319 cui
887 1283 995 1319 Pisae
1007 1285 1193 1328 provincia
1210 1285 1413 1329 obvenisset,-

214 1341 325 1383 XLII,
342 1341 396 1384 18,
417 1342 502 1377 3...
527 1341 655 1384 consul,
680 1337 737 1376 eui
767 1341 981 1377 Macedonia
1004 1343 1191 1386 proi-incia
1217 1342 1408 1379 obvenisset.

208 1398 306 1441 «Quid
331 1398 439 1443 igitur
464 1398 617 1443 planius,
645 1408 746 1442 quam
773 1399 815 1433 ab
841 1398 871 1432 ei
897 1398 1047 1443 incipere
1074 1400 1304 1442 enuntiatum,
1323 1410 1409 1445 quae

217 1456 351 1498 vocula,
361 1466 440 1490 cum
455 1455 653 1491 simillimae
670 1458 857 1499 sequantur
866 1456 1014 1497 litterae,
1029 1456 1232 1491 intercidere
1242 1456 1408 1492 facillime

214 1512 339 1558 potuit.
389 1511 545 1548 Scribam
577 1512 700 1559 igitur:
741 1511 782 1547 P.
810 1512 974 1547 Licinius
1001 1512 1150 1548 Crassus
1181 1514 1352 1558 sacrificis
1377 1524 1410 1549 se

213 1569 381 1614 impediri
406 1569 626 1604 sollemnibus
648 1570 842 1615 excusabat,
864 1581 907 1605 ne
933 1570 971 1605 in
992 1571 1215 1614 provinciam
1241 1571 1324 1616 iret;
1352 1571 1404 1618 [ei]

204 1626 351 1661 ¹citerior
376 1627 560 1670 Hispania
586 1627 774 1673 obvenerat.
1046 1638 1048 1644 ’

329 1787 419 1828 XLI,
448 1787 502 1828 18,
529 1787 572 1828 8;
600 1788 658 1822 fol.
686 1788 720 1823 8r
745 1787 767 1821 l.
794 1788 935 1823 26-29
1427 1802 1485 1828 xm.
1503 1804 1537 1829 18.
1555 1804 1578 1826 s.

350 1855 353 1859 '
385 1852 1243 1890 INPETILIOIDUITIOFACTUMPOSTEAAU

385 1910 1196 1956 GURESRESPONDERUNTQUODEXTRA

386 1967 1226 2004 TEMPLUMSORTEMINSITELLAMINTE‘

382 2034 1204 2074 PLUMLATAMFORISIPSEOPORTERET.
1221 2063 1228 2070 .
1247 2063 1253 2069 .

327 2093 378 2127 En
411 2092 526 2127 locum
564 2093 739 2138 Madvigio
773 2093 860 2128 teste
887 2092 1119 2127 difficiliorem
1159 2094 1202 2128 ad
1233 2095 1404 2141 corrigen—

205 2150 313 2191 ‹dum,
356 2159 457 2195 quem
490 2150 664 2194 exscripsi,
698 2151 737 2185 ut
779 2150 814 2184 in
842 2150 955 2185 codice
997 2149 1132 2195 legitur.
1185 2149 1262 2186 Non
1305 2162 1406 2197 agam

211 2208 255 2243 de
278 2207 409 2243 UITIO
434 2207 479 2253 (v.
494 2207 567 2253 26),
594 2208 683 2252 quod
697 2209 789 2243 recte
807 2209 1024 2242 emendatum
1046 2217 1066 2242 a
1083 2207 1258 2252 Madvigio
1275 2209 1311 2243 in
1328 2210 1407 2244 vitii

213 2264 315 2299 facile
357 2265 554 2306 concedam,
598 2266 656 2299 sed
690 2265 731 2299 de
764 2264 986 2309 corruptela,
1010 2273 1095 2308 quae
1126 2266 1161 2299 in
1203 2275 1257 2299 vv.
1290 2265 1334 2301 28
1373 2268 1407 2302 et

213 2321 260 2356 29
298 2322 442 2357 confinio
480 2321 585 2359 latere
626 2321 712 2356 mihi
749 2322 894 2356 videtur.
945 2316 1129 2356 Consulem
1167 2322 1202 2355 in
1234 2323 1406 2367 templum

213 2389 281 2413 non
322 2379 484 2421 intrasse,
527 2380 586 2414 sed
627 2378 709 2413 foris
750 2378 920 2413 mansisse
962 2387 1041 2412 cum
1082 2388 1120 2413 ex
1156 2379 1267 2413 verbis
1311 2380 1406 2415 adla-
