1721 2727
694 136 952 171 —131-—

225 238 354 285 phum
377 239 611 275 traducendas
635 240 657 275 i.
685 250 712 275 e.
741 249 778 275 eo
804 239 955 285 consilio,
981 240 1022 274 ut
1046 239 1282 284 traducantur,
1302 243 1418 277 eodem

229 299 327 333 modo
352 298 483 333 dictum
510 300 570 341 est,
586 309 652 343 quo
677 299 712 333 in
739 297 895 334 Caesaris
919 297 1004 334 belli
1022 297 1149 334 Gallici
1168 298 1202 341 6,
1224 299 1267 334 12
1283 299 1418 335 inveni-

228 365 305 389 mus
330 354 448 390 dicare
480 365 515 391 se
546 355 665 391 Remis
689 355 730 389 in
754 355 960 390 clientelam.
995 355 1190 391 Restituam
1217 356 1324 401 igitur
1349 359 1417 392 ter-

187 437 192 439 -
227 413 455 449 minationem
479 413 566 457 ΠΜ,
600 424 705 459 quam
730 413 930 460 genuinam.
947 424 1019 449 esse
1046 424 1085 449 ex
1116 413 1169 455 iis,
1197 424 1284 460 quae
1317 425 1420 459 supra

216 470 269 504 -de
295 470 348 505 his
374 470 698 515 interpolationibus
736 470 902 513 diximus,
945 471 1015 506 iam
1053 462 1146 506 locus
1180 482 1281 516 quem
1319 481 1419 506 occu-

227 527 287 571 pat
313 526 465 562 indicare
492 527 629 562 videtur
661 529 763 580 atque
800 527 850 563 ita
888 528 1038 563 scribam
1077 528 1142 563 hoc
1181 528 1419 564 enuntiatum:

230 584 383 619 Omnis
408 584 517 620 illas
534 585 752 628 victimas,
771 594 877 630 quas
893 586 1189 622 traducendas
1206 586 1250 620 in
1267 586 1419 621 trium-

222 640 355 685 phum
379 641 568 685 dicavit,
596 642 717 677 alias
741 642 832 677 alio
856 643 1011 678 ducent
1035 643 1310 678 mactaturi?

342 698 489 734 Versum
513 700 707 745 proximum
734 701 861 736 mirum
887 702 923 736 in
940 701 1080 737 modum
1098 711 1170 740 non,
1183 702 1419 743 restituerunt,

232 756 290 791 sed
317 756 550 801 depravarunt
582 754 744 799 editores3
783 758 858 803 quis
892 758 984 793 enim
1009 769 1173 803 umquam
1199 759 1286 804 legit
1311 769 1420 793 enun-

228 814 353 849 tiatum
378 815 426 850 sic
451 816 663 851 contortum:
694 814 789 857 Quid
797 816 816 851 .2
842 815 926 851 illas
942 816 1065 861 epulas
1081 818 1232 857 senatus,
1250 827 1338 860 quae
1362 827 1422 851 uec

222 871 364 914 privato
390 872 458 906 loco
483 883 544 907 nec
567 872 704 915 publico
723 874 891 917 profano,
923 873 982 908 sed
1009 874 1046 908 in
1075 873 1247 917 Capitolio
1271 873 1422 908 eduntur

229 929 364 974 (utrum
398 927 580 964 homiuum
611 929 797 974 voluptatis
834 941 941 966 causa
979 942 1028 965 an
1062 930 1202 965 deorum
1233 929 1372 965 honoris
1385 930 1419 976 .?)

227 989 365 1021 auctore
402 987 520 1023 Servio
559 987 674 1022 Galba
715 988 892 1023 turbaturi
932 988 1040 1023 estis?
1095 989 1143 1024 Ut
1184 989 1234 1024 ita
1273 988 1419 1033 legeret,

228 1044 423 1090 Madvigius
455 1046 589 1089 praeter
622 1045 877 1083 emendationes
909 1046 1074 1090 quasdam
1098 1045 1270 1081 faciliores
1296 1055 1335 1080 ac
1360 1056 1420 1080 ne·

228 1101 390 1136 cessarias
399 1101 563 1146 quattuor
576 1101 658 1136 locis
673 1102 878 1147 scripturam
891 1103 1058 1148 mutavit3
1075 1102 1212 1147 scripsit
1230 1102 1324 1138 enim
1336 1102 1421 1146 quid

228 1169 288 1203 pro
300 1157 480 1201 QUIDEM
496 1157 532 1202 (l.
545 1158 615 1204 19),
631 1159 713 1194 illas
725 1160 848 1203 epulas
861 1169 922 1204 pro
936 1159 1292 1195 ILLAEAEPULAE
1306 1160 1341 1203 (l.
1351 1159 1419 1204 19),

228 1226 316 1259 quae
356 1226 416 1260 pro
459 1215 583 1259 QUOD
624 1217 659 1258 (l.
686 1216 764 1261 20),
804 1216 950 1261 denique
986 1217 1103 1251 omisit
1144 1216 1234 1258 QUE
1272 1217 1311 1262 (l.
1347 1216 1418 1261 23).

228 1273 348 1319 Neque
375 1272 511 1309 felicius
536 1284 609 1309 rem
635 1275 742 1320 gessit
759 1273 933 1318 Hertzius‚
959 1274 1019 1320 qui
1037 1274 1174 1320 quidem
1193 1273 1283 1319 QUE
1302 1273 1342 1317 (1.
1359 1274 1417 1319 23)

229 1342 296 1366 non
330 1331 463 1374 omisit,
502 1333 560 1367 sed
599 1342 675 1367 cum
708 1332 915 1376 scripturam
947 1332 1072 1367 codicis
1097 1332 1420 1376 HOMINUMQUE

229 1389 377 1429 tueatur,
404 1388 499 1422 novis
524 1397 585 1422 nos
610 1388 767 1432 implicat
792 1387 1058 1423 difficultatibus
1083 1388 1286 1432 perturbata
1310 1399 1420 1423 mem-

228 1444 369 1480 brorum
395 1445 485 1480 inter
510 1455 546 1481 se
564 1444 799 1490 oppositorum
817 1445 1038 1490 aequalitate,
1057 1456 1124 1491 qua
1141 1447 1176 1481 et
1200 1445 1418 1482 hominum

228 1502 425 1547 voluptas
452 1505 486 1536 et
513 1503 685 1536 deorum
710 1503 845 1536 honos
876 1503 965 1537 inter
989 1513 1025 1537 se
1050 1503 1267 1547 respondent.
1309 1504 1421 1547 Atque

231 1559 269 1594 ut
292 1569 312 1595 a
337 1559 451 1604 prima
476 1569 557 1594 voce
583 1559 806 1599 exordiamur,
846 1558 1003 1603 equidem
1036 1559 1317 1594 terminationem
1354 1560 1420 1594 ΕΜ

230 1617 319 1651 vocis
337 1616 519 1660 QUIDEM
537 1626 651 1651 merae
677 1616 806 1651 librarii
824 1615 1036 1662 ignorantiae
1062 1616 1176 1651 deberi
1201 1617 1418 1660 negaverim;

228 1683 309 1707 nam
342 1683 419 1713 cum
445 1683 508 1708 vox
533 1672 618 1717 quid
643 1683 710 1707 non
737 1672 850 1706 minus
876 1672 961 1707 trita
986 1672 1031 1707 sit
1057 1682 1159 1717 quam
1186 1672 1332 1715 quidem,
1360 1675 1420 1707 aut

231 1731 409 1775 utramque
444 1732 504 1766 aut
536 1731 694 1766 neutram
727 1730 865 1765 librario
903 1730 1023 1765 notam
1057 1729 1163 1765 fuisse
1195 1730 1420 1766 concedamus

229 1788 372 1832 oportet.
423 1788 535 1831 Quare
568 1787 726 1832 equidem
752 1787 922 1832 syllabam
946 1787 1015 1823 EM
1040 1797 1107 1822 non
1133 1787 1334 1829 eiciendam,
1362 1789 1419 1822 sed

229 1845 330 1880 aliter
368 1845 606 1890 explicandam
644 1844 835 1880 censuerim
872 1844 1007 1879 conlato
1044 1844 1118 1879 loco
1152 1844 1315 1879 similiter
1346 1854 1419 1879 cor-

228 1903 328 1946 rupto
354 1902 504 1944 XLIIII,
532 1902 564 1945 6,
592 1902 611 1936 7
651 1901 741 1937 Sunt
766 1901 860 1935 euim
885 1901 1008 1945 Tempe
1032 1901 1158 1942 saltus,
1190 1901 1327 1934 etiamsi
1351 1912 1421 1934 non

229 1957 314 1994 bello
336 1959 400 2004 fiat
428 1959 590 2005 infestus,
627 1958 781 1994 transitu
814 1957 975 2004 difficilis
1001 1958 1047 2005 (v.
1074 1957 1111 2004 8)
1138 1957 1235 1993 Nam
1245 1985 1345 1994 .....
1381 1958 1419 1993 In
1432 1969 1525 1997 xiim,
1541 1971 1562 1996 s,
1580 1971 1600 1992 τ.

230 2016 302 2050 cod.
330 2016 354 2051 f.
384 2017 463 2051 107r
494 2017 517 2051 1.
547 2017 590 2051 12
627 2017 756 2061 legitur
787 2015 1060 2051 SUNTENIMP
1086 2028 1095 2060 ς
1137 2015 1297 2059 displicet
1335 2015 1421 2050 mihi

229 2073 340 2118 opinio
368 2073 522 2120 vulgata,
555 2084 622 2119 qua
660 2072 841 2109 librarium
873 2073 1044 2108 aberrasse
1076 2082 1096 2106 a
1120 2071 1240 2107 littera
1265 2072 1302 2107 M
1328 2072 1420 2107 vocis

230 2129 349 2166 ENIM
373 2132 415 2166 ad
440 2131 478 2166 M
502 2131 596 2167 vocis
623 2130 797 2176 [TEM]P·
827 2129 1002 2166 statuitur.
1038 2129 1078 2164 In
1104 2129 1287 2175 archetypo
1311 2129 1420 2175 scrip-

230 2188 304 2221 tum
325 2187 430 2222 fuisse
448 2188 650 2224 crediderim
674 2187 955 2232 SUNTTEMP·;
981 2186 1153 2229 librarius,
1179 2187 1238 2231 qui
1262 2186 1420 2231 pluribus

230 2243 311 2279 locis
337 2244 372 2280 in
390 2254 472 2281 voce
489 2245 631 2281 TEMP·
655 2244 874 2282 describenda
899 2244 1016 2289 lapsus
1041 2245 1104 2287 est,
1130 2243 1287 2289 neglecta
1312 2244 1421 2279 altera

230 2299 346 2337 littera
364 2303 392 2337 T
411 2303 446 2338 in
471 2302 605 2348 syllaba
629 2303 696 2338 EM
723 2301 962 2347 compendium
988 2301 1077 2336 vidit
1101 2301 1289 2346 particulae
1315 2302 1421 2344 EmM,

231 2365 333 2400 quam
371 2358 518 2394 orationi
554 2359 695 2395 intrusit
737 2358 890 2394 scribens
932 2357 1234 2394 SUNTENIMP-.
1293 2358 1421 2401 Quodsi

1268 2417 1307 2443 9*
