1721 2727
750 135 987 169 -42-

268 236 404 272 codices
442 236 602 282 pretiosis
634 238 812 273 exornatos
839 237 943 273 fuisse
969 237 1199 283 involucris1).
1242 237 1329 273 Cum
1361 237 1468 284 igitur

269 293 381 330 codici
412 294 453 330 ut
484 294 600 331 minus
625 294 774 341 pretioso
800 295 907 331 etiam
933 295 1048 331 minus
1075 305 1175 332 curae
1200 295 1466 343 impenderetur,

269 353 495 398 intellegitur,
522 354 689 397 quomodo
718 353 793 388 fieri
823 354 982 398 potuerit.
1013 355 1052 388 ut
1078 363 1156 389 cum
1182 363 1271 389 anno
1302 354 1371 389 774
1393 363 1469 389 mo-

269 409 375 444 nachi
404 410 441 444 in
466 410 615 445 alterum
646 410 837 455 migrarent
870 410 1118 446 monasterium
1129 410 1168 456 5⁸),
1196 410 1366 456 siquidem
1398 412 1469 447 iam

269 466 366 512 prius
393 467 539 502 donatus
566 467 641 502 erat
666 467 886 510 monasterio,
911 468 973 503 aut
999 478 1077 503 cum
1095 477 1183 503 anno
1202 467 1296 504 1090
1311 468 1469 503 incendio

270 523 444 559 deleretur
460 524 742 566 monasterium³)
770 524 824 560 vel
843 535 903 569 per
928 525 1036 560 aliam
1061 525 1275 560 occasionem
1300 525 1469 569 quaedam

270 580 395 615 codicis
421 582 537 624 partes
563 580 820 616 interciderent.
851 581 982 616 Verum
1008 581 1113 616 etiam
1140 581 1251 616 eidem
1276 590 1343 626 qua
1367 580 1470 616 codex

269 636 404 672 iacebat
424 636 635 673 obscuritate
655 637 790 673 videtur
807 648 881 673 esse
901 637 1095 674 debendum
1113 638 1203 684 quod
1219 637 1303 674 libri
1320 637 1470 683 quinque

269 694 408 730 decadis
426 694 567 739 quintae
585 694 751 730 Livianae
768 695 867 731 hodie
883 697 964 731 sunt
981 696 1124 741 servati3
1152 706 1231 732 nani
1250 698 1385 732 constat
1402 705 1470 730 non

270 762 397 797 paucos
415 752 520 788 libros
534 751 762 787 bibliothecae
776 748 1087 788 Laurisheimensis
1105 752 1321 798 pretiosiores
1339 753 1393 789 vel
1410 752 1470 787 de-

270 809 424 855 perditos
455 810 509 845 vel
536 809 704 845 venditos.
743 809 799 846 Sic
830 810 952 846 Diemo
978 810 1082 846 abbas
1110 809 1376 856 (1125—1139)
1403 811 1472 843 tres

272 867 378 902 libros
402 878 490 901 auro
516 869 545 902 et
562 870 704 912 arqento
720 867 927 912 yemmisque
941 867 1103 910 pretiosis
1121 869 1303 901 exornatos
1327 876 1471 901 venum-

273 923 385 965 dedit,
411 925 501 959 unde
527 924 705 968 impensas
732 924 811 958 belli
837 923 987 958 solveret
997 923 1038 968 ⁴).
1065 923 1117 959 Ob
1141 924 1286 958 eandem
1312 932 1470 964 causam,

273 980 354 1025 quia
369 980 406 1015 in
424 979 587 1016 viliorum
599 980 766 1017 librorum
783 980 976 1016 habebatur
989 990 1151 1022 numero,
1176 980 1281 1016 codex
1306 989 1415 1024 neque
1432 981 1473 1014 ut

274 1036 472 1073 Chromin-on
498 1037 794 1072 Laursshamense
818 1048 907 1073 anno
933 1038 1005 1072 fere
1033 1038 1140 1081 1230,
1168 1047 1248 1072 cum
1272 1036 1471 1072 Laurishei-

273 1106 371 1130 mum
397 1094 549 1139 Sigfrido
575 1089 832 1140 archiepiscopo
857 1094 1062 1140 Moguntino
1088 1095 1296 1136 traderetur,
1322 1094 1472 1138 Mogun-

272 1151 404 1187 tiacum
429 1162 540 1196 neque
572 1153 693 1195 postea
718 1150 989 1196 Heidelbergam
1015 1151 1203 1185 translatus
1229 1152 1292 1192 est,
1304 1150 1333 1194 ⁵)
1365 1151 1471 1184 immo

273 1208 390 1251 etiam,
418 1208 477 1242 ubi
503 1206 583 1242 Joh.
601 1207 816 1252 Dalberye'us
832 1207 1008 1251 episc-offas
1031 1202 1296 1242 Wormat'eensis
1318 1205 1473 1240 meliores

273 1276 419 1310 quosque
444 1264 574 1299 codices
598 1264 681 1300 hinc
709 1264 746 1310 (i.
766 1275 793 1300 e.
813 1276 852 1299 ex
869 1265 1078 1300 monasterio
1097 1264 1405 1308 Laurisheimensi)
1433 1263 1473 1296 in

272 1323 599 1367 Laclenburyensem
636 1321 870 1359 bibliothecam
901 1321 1085 1355 transtulit
1096 1321 1137 1366 ⁶),
1176 1321 1278 1356 codex
1308 1322 1473 1356 Livianus

272 1379 503 1415 Laurisheimi
541 1380 718 1414 remansit.
760 1378 955 1414 Posteriora
995 1381 1112 1414 tamen
1148 1379 1262 1414 aetate
1298 1377 1472 1420 codicem,

272 1439 356 1474 licet
388 1438 424 1472 in
449 1437 775 1482 pretiosissimorum
806 1436 974 1472 Iibrorum
1006 1445 1148 1472 numero
1174 1446 1242 1472 non
1266 1435 1473 1477 haberetur,

272 1495 467 1538 inspectum
501 1497 604 1537 atque
642 1494 835 1537 perlectum
871 1503 1131 1537 nonnumquam
1169 1502 1259 1532 esse,
1298 1494 1333 1526 et
1369 1491 1473 1535 sylla-

272 1553 397 1589 barum
422 1551 663 1597 repetitiones,
707 1550 748 1586 de
783 1550 908 1596 quibus
940 1560 1043 1597 supra
1074 1550 1225 1595 egimus,
1264 1551 1299 1585 et
1335 1547 1475 1583 nomina

273 1610 412 1653 propria
424 1609 459 1643 et
475 1609 562 1644 aliae
580 1610 749 1653 quaedam
764 1619 817 1643 res
831 1608 867 1643 in
881 1609 1037 1654 margine
1051 1608 1244 1652 adscriptae
1259 1605 1473 1646 testantur⁷).

391 1724 410 1759 ¹)
432 1722 477 1751 Cf.
501 1721 564 1750 Val.
587 1722 672 1751 Falk.
702 1722 877 1751 Geschichte
903 1721 955 1751 des
980 1722 1164 1760 ehemaliyen
1195 1721 1334 1750 Klosters
1360 1719 1476 1749 Lorsch

273 1780 316 1800 an
335 1770 389 1799 der
410 1770 616 1808 Berqstrasse,
650 1770 758 1799 Mam
778 1772 874 1806 1866,
907 1778 975 1808 pag.
998 1772 1035 1799 35
1061 1771 1091 1798 et
1111 1769 1318 1798 additamenta
1344 1767 1373 1797 in
1396 1767 1475 1797 calce

273 1819 372 1857 operis
392 1819 513 1854 adnexa,
535 1827 568 1848 ex
588 1818 696 1856 quibus
710 1821 827 1856 praeter
852 1820 948 1849 cetera
963 1818 1021 1848 huc
1035 1812 1187 1856 pertinent
1201 1826 1274 1856 quae
1289 1816 1321 1846 in
1335 1825 1403 1855 pag.
1419 1815 1474 1845 1⁷5

273 1867 346 1904 (Die
366 1867 400 1896 K
402 1867 664 1902 losterbibliothek)
685 1867 889 1896 inveniuntur.

389 1917 412 1952 ²)
435 1915 480 1944 Cf.
501 1914 586 1943 Falk.
609 1915 629 1944 l.
651 1923 672 1943 c.
694 1923 720 1951 p.
743 1917 805 1943 142.
826 1924 855 1945 n.
878 1916 922 1943 1⁷.

390 1964 411 1998 ³)
432 1963 479 1994 Cf.
501 1963 587 1993 Falk.
610 1964 628 1992 l.
652 1973 676 1992 c.
697 1972 724 2000 p.
745 1966 810 1992 204.
831 1973 859 1992 n.
883 1965 947 1992 103.

391 2012 413 2047 ⁴)
433 2011 478 2041 Cf.
500 2011 586 2040 Falk.
608 2011 627 2039 l.
651 2020 672 2040 c.
696 2019 723 2047 p.
747 2013 809 2039 179.

391 2059 413 2093 5)
435 2058 479 2087 Cf.
500 2058 584 2087 Falk.
607 2058 625 2087 l.
647 2067 669 2087 c.
691 2067 719 2095 p.
743 2060 805 2088 169.

390 2106 412 2142 ⁶)
433 2105 478 2135 Cf.
498 2105 658 2134 Lomcieri:
688 2105 738 2134 De
769 2105 954 2134 bibliothecis
984 2114 1012 2143 p.
1040 2108 1093 2134 221
1128 2104 1206 2142 apud
1232 2103 1370 2133 Falkium
1401 2102 1421 2133 l.
1453 2111 1475 2131 c.

274 2163 302 2191 p.
325 2156 390 2183 180.

390 2202 411 2238 τ)
433 2200 480 2230 Sic
500 2200 532 2229 in
552 2200 604 2230 fol.
628 2203 693 2229 102¹
714 2199 853 2236 (XLllIl,
875 2203 899 2235 1,
924 2202 1009 2236 1-6)
1035 2202 1154 2238 praeter
1174 2198 1337 2236 compluria
1356 2197 1476 2227 nomina

273 2250 391 2286 propria.
424 2249 454 2278 in
490 2248 626 2285 margine
659 2248 806 2285 exscripta.
832 2248 972 2285 lcguntur
998 2248 1081 2277 haec:
1112 2241 1208 2287 Εὗροι
1240 2245 1300 2285 γὰρ
1328 2245 1407 2284 μετὰ
1437 2245 1475 2281 (¹1³)

272 2300 420 2335 Ληρῖσσᾳ
442 2296 523 2333 (sic);
545 2295 575 2324 in
596 2295 646 2324 fol.
658 2298 708 2324 35*
722 2295 857 2332 margine
872 2295 1124 2332 promunturium
1144 2293 1230 2328 illud,
1250 2292 1285 2322 ‹10
1299 2301 1357 2330 quo
1372 2292 1475 2321 Livius

273 2344 409 2381 loquitur
430 2343 534 2382 (XLII,
555 2345 601 2379 20,
622 2346 661 2380 3),
682 2343 770 2372 lineis
792 2342 974 2381 descriptum
995 2342 1155 2372 invenitur.
