1721 2727
778 165 1009 201 *82-

453 270 476 302 4
518 268 1401 314 TABATHIOIRATUSPRAENESTINISQUOD
1414 268 1438 314 ¹)

453 327 476 361 5
503 324 1374 362 CUMEOPRIUATUssAcRmanTnMPLo

293 392 447 434 Addam,
484 402 548 436 quo
583 392 721 427 facilius
755 392 921 427 orationis
954 402 1100 427 conexus
1134 392 1375 438 intellegatur,
1410 393 1494 427 duos

295 459 424 490 versuS,
459 458 603 493 quorum
639 450 774 492 partem
806 450 911 484 verba
944 449 1094 493 repetita
1127 449 1345 485 constituunt
1371 449 1494 494 (XLII,

296 507 312 540 1
326 534 334 549 ,
367 506 494 551 6—7):
539 507 600 550 (6.)
629 505 848 549 Priusquam
883 508 1112 552 magistratus
1121 505 1151 552 ⁹)
1186 506 1494 551 proficiscerentur,

293 563 433 596 senatui
463 563 618 605 placuit,
646 564 687 598 L.
716 563 936 597 Postumium
963 564 1136 598 consulem
1161 563 1209 598 ad
1233 575 1360 609 ayrum
1379 564 1495 608 publi-

292 630 370 653 cum
403 630 426 653 a
455 620 598 664 privato
638 619 905 655 terminandum
939 619 977 654 in
1012 619 1250 664 Campaniam
1283 620 1353 666 ire,
1395 620 1496 655 cuius

293 679 467 721 inqentem
505 678 645 713 modum
682 678 861 722 possidere
892 678 1052 721 privatos
1083 678 1266 723 paulatim
1286 677 1496 723 proferendo

291 735 379 778 sines
416 735 603 770 constabat.
657 736 707 781 (7)
747 736 805 770 hic
847 737 961 771 iratus
997 735 1258 778 Praenestinis,
1285 734 1391 779 quod,
1418 746 1496 770 cum

292 802 329 825 eo
360 792 527 835 privatus
565 793 718 837 sacrifici
751 793 792 828 in
826 793 951 837 templo
984 793 1160 828 Fortunae
1191 791 1357 837 faciundi
1387 801 1495 826 causa

287 849 464 893 profectus
495 852 593 894 esset,
636 850 730 886 nihil
766 852 808 885 in
832 861 866 886 se
891 850 1074 895 honorifice
1099 861 1205 894 neque
1228 848 1363 894 publice
1387 860 1495 894 neque

290 906 464 949 privatim
488 907 623 951 factum
648 919 671 942 a
696 907 943 943 Praenestinis
966 910 1066 942 esset.
1084 936 1089 941 .
1108 934 1137 942 ..

338 995 349 1009 .
408 972 545 1009 Gratias
579 984 723 1019 agamus
759 976 894 1018 oportet
931 974 1099 1009 maximas
1133 973 1286 1016 librario,
1321 972 1380 1018 qui
1404 973 1495 1008 hunc

294 1030 447 1065 codicem
488 1031 628 1075 scripsit
671 1031 725 1066 vel
760 1031 857 1066 cuius
892 1031 1128 1077 apographum
1165 1030 1328 1065 librarius
1370 1030 1495 1065 codicis

293 1087 565 1122 Vindobonensis
608 1088 652 1123 ad
694 1087 852 1123 litteram
893 1088 1079 1132 expressit,
1123 1087 1213 1132 quod
1255 1088 1391 1122 incuria
1432 1097 1496 1122 sua

291 1144 576 1188 compendiorum
614 1145 650 1179 et
681 1144 717 1179 in
743 1154 868 1179 vocum
900 1145 1202 1180 terminationibus
1230 1145 1265 1179 et
1302 1144 1337 1178 in
1369 1144 1494 1178 mediis

291 1201 469 1237 vocabulis
511 1201 748 1237 adhibitorum
790 1202 922 1237 invitus
960 1202 1058 1237 testis
1101 1201 1214 1237 factus
1257 1203 1322 1238 est.
1379 1201 1494 1246 Atque

291 1259 448 1293 omnium
472 1259 625 1304 primum
652 1259 798 1294 dubium
826 1270 898 1294 esse
924 1260 1060 1304 nequit,
1093 1261 1175 1304 quin
1201 1269 1282 1294 voce
1307 1258 1494 1309 PRIUAT·

292 1315 456 1351 librarius
499 1317 661 1351 seductus
694 1318 821 1358 iterum
858 1317 901 1352 ad
936 1318 1037 1352 verba
1071 1318 1140 1352 iam
1171 1318 1310 1352 exarata
1341 1315 1493 1350 redierit.

292 1373 380 1409 Cum
420 1375 541 1409 autem
583 1374 618 1409 in
662 1376 814 1410 oratione
856 1374 1003 1410 Liviana
1044 1385 1107 1410 vox
1148 1374 1218 1409 ista
1259 1374 1312 1409 bis
1354 1377 1495 1408 tantum

292 1431 409 1465 locum
445 1430 591 1472 habeat,
637 1431 761 1466 codicis
797 1434 867 1466 tres
901 1432 1055 1466 diversae
1098 1432 1253 1466 eiusdem
1296 1431 1389 1465 vocis
1423 1430 1489 1464 for-

292 1497 369 1522 mae
396 1487 649 1529 PRIUATOS,
692 1487 944 1532 PRIUATAS,
986 1487 1219 1523 PRIUATUS
1258 1487 1312 1522 vel
1348 1487 1494 1531 utroque

293 1544 347 1578 vel
386 1545 480 1579 certe
520 1547 632 1589 priore
673 1546 748 1580 loco
790 1546 961 1590 scriptum
1002 1545 1108 1580 fuisse
1140 1546 1229 1588 quod
1265 1546 1299 1579 et
1331 1544 1494 1579 PRIUA-

293 1600 378 1638 TOS
405 1603 439 1637 et
465 1601 697 1638 PRIUATAS
730 1603 799 1648 legi
836 1603 974 1648 poterat
1012 1601 1048 1644 (i.
1084 1612 1112 1636 e.
1147 1600 1350 1647 PRIUAT·)
1377 1604 1495 1646 aperte

292 1659 458 1694 indicant.
511 1660 662 1702 Deinde,
704 1660 738 1696 id
777 1660 868 1704 quod
904 1671 924 1695 a
958 1659 1173 1704 quaestione,
1217 1660 1252 1694 in
1286 1670 1353 1704 qua
1394 1670 1494 1704 expe—

293 1715 419 1750 dienda
457 1726 652 1757 versamur,
697 1717 826 1761 optime
865 1717 966 1760 facit,
1010 1717 1128 1752 eadem
1170 1727 1234 1751 vox
1270 1717 1383 1760 priore
1420 1716 1494 1751 loco

293 1781 585 1826 CONTRABAT,
612 1783 720 1819 altero
738 1783 1014 1819 CONSTABAT
1040 1784 1178 1829 legitur.
1215 1783 1385 1827 Quaerere
1412 1782 1495 1817 lice-

293 1840 360 1884 bit,
392 1851 477 1875 num
511 1841 588 1884 quis
614 1840 722 1875 alium
748 1841 969 1876 difficultatis
996 1851 1099 1885 quam
1128 1841 1184 1876 hic
1221 1851 1315 1876 error
1351 1840 1494 1886 praebet

293 1898 521 1934 removendae
554 1897 724 1944 aptiorem
765 1899 907 1933 modum
943 1898 1133 1941 invenerit,
1171 1907 1275 1943 quam
1308 1896 1368 1943 qui
1404 1897 1495 1931 inest

294 1956 330 1990 in
370 1957 483 2001 posita
525 1956 698 2001 scriptura
740 1956 921 2002 archetypi
963 1954 1249 2002 CONABAT?³)
1291 1976 1337 1982 -—
1380 1954 1493 1999 Quare

413 2091 435 2126 ¹)
455 2090 493 2119 In
512 2081 628 2119 Hertzii
642 2088 835 2118 adnotatione
852 2089 956 2119 critica
969 2089 1049 2118 vocis
1063 2089 1206 2127 repetitae
1217 2087 1363 2118 IRATUS
1374 2087 1490 2117 nullum

293 2136 474 2174 deprehendi
494 2137 658 2175 vestigium
680 2136 740 2165 iam
761 2146 850 2173 supra
870 2137 1105 2167 memoravimus.

411 2185 435 2222 ²)
458 2184 506 2213 Sic
526 2184 667 2214 Hertziue
698 2184 794 2214 edidit
801 2196 809 2220 ;
840 2185 1010 2222 Madvigius
1030 2185 1119 2223 legit:
1148 2185 1182 2214 in
1198 2185 1376 2222 provincias
1395 2185 1489 2222 Μαρί-

292 2236 419 2264 stratus.

412 2280 434 2318 ³)
454 2280 598 2310 Maiorem
619 2281 710 2310 etiam
730 2281 973 2319 probabilitatem
999 2282 1149 2312 sententia
1169 2283 1241 2311 haec
1261 2281 1329 2311 inde
1349 2283 1494 2312 nancisci-

293 2330 353 2364 tur,
374 2328 453 2366 quod
472 2338 528 2358 con
548 2331 578 2358 et
598 2333 708 2359 contra
727 2329 828 2359 eodem
848 2329 909 2359 fere
928 2330 1015 2368 signo
1042 2332 1160 2360 exarata
1180 2339 1243 2360 esse
1262 2339 1296 2359 ex
1316 2330 1413 2361 indice
1432 2331 1494 2361 edi-

294 2376 373 2406 tioni
393 2376 522 2407 Gaianae
543 2386 561 2407 a
581 2377 797 2407 Studemundio
817 2377 931 2407 adiecto
953 2377 1001 2415 (cf.
1022 2378 1043 2409 1.
1064 2387 1087 2408 c.
1108 2387 1137 2416 p.
1151 2379 1219 2416 260)
1240 2378 1357 2409 scimus.
1377 2379 1495 2409 Licebit
