<?xml version="1.0" encoding="UTF-8"?>
<!DOCTYPE html PUBLIC "-//W3C//DTD XHTML 1.0 Transitional//EN"
    "http://www.w3.org/TR/xhtml1/DTD/xhtml1-transitional.dtd">
<html xmlns="http://www.w3.org/1999/xhtml" xml:lang="en" lang="en">
 <head>
  <title>
</title>
<meta http-equiv="Content-Type" content="text/html;charset=utf-8" />
  <meta name='ocr-system' content='tesseract 3.04.00' />
  <meta name='ocr-capabilities' content='ocr_page ocr_carea ocr_par ocr_line ocrx_word'/>
</head>
<body>
  <div class='ocr_page' id='page_1' title='image "4771788_0023.png"; bbox 0 0 1721 2727; ppageno 0'>
   <div class='ocr_carea' id='block_1_1' title="bbox 725 178 937 214">
    <p class='ocr_par' dir='ltr' id='par_1_1' title="bbox 725 178 937 214">
     <span class='ocr_line' id='line_1_1' title="bbox 725 178 937 214; baseline -0.005 -11"><span class='ocrx_word' id='word_1_1' title='bbox 725 178 937 214; x_wconf 72' lang='lat'>-7-</span> 
     </span>
    </p>
   </div>
   <div class='ocr_carea' id='block_1_2' title="bbox 191 281 1428 776">
    <p class='ocr_par' dir='ltr' id='par_1_2' title="bbox 191 281 1428 557">
     <span class='ocr_line' id='line_1_2' title="bbox 234 281 1428 328; baseline -0.001 -11"><span class='ocrx_word' id='word_1_2' title='bbox 234 292 273 317; x_wconf 85' lang='lat' dir='ltr'>ex</span> <span class='ocrx_word' id='word_1_3' title='bbox 298 283 375 327; x_wconf 88' lang='lat' dir='ltr'>lege</span> <span class='ocrx_word' id='word_1_4' title='bbox 399 282 626 327; x_wconf 84' lang='lat' dir='ltr'>grammatica</span> <span class='ocrx_word' id='word_1_5' title='bbox 650 293 754 328; x_wconf 83' lang='lat' dir='ltr'>supra</span> <span class='ocrx_word' id='word_1_6' title='bbox 784 283 901 319; x_wconf 83' lang='lat' dir='ltr'>adlata</span> <span class='ocrx_word' id='word_1_7' title='bbox 937 282 1102 319; x_wconf 84' lang='lat' dir='ltr'>facillime</span> <span class='ocrx_word' id='word_1_8' title='bbox 1140 281 1355 327; x_wconf 83' lang='lat' dir='ltr'>explicanda,</span> <span class='ocrx_word' id='word_1_9' title='bbox 1393 283 1428 317; x_wconf 89' lang='lat' dir='ltr'>et</span> 
     </span>
     <span class='ocr_line' id='line_1_3' title="bbox 234 337 1428 375; baseline -0.001 -2"><span class='ocrx_word' id='word_1_10' title='bbox 234 338 363 374; x_wconf 79' lang='lat' dir='ltr'>formas</span> <span class='ocrx_word' id='word_1_11' title='bbox 395 338 579 374; x_wconf 87' lang='lat' dir='ltr'>nonnullas</span> <span class='ocrx_word' id='word_1_12' title='bbox 613 339 740 375; x_wconf 84' lang='lat' dir='ltr'>saeculi</span> <span class='ocrx_word' id='word_1_13' title='bbox 773 339 972 375; x_wconf 80' lang='lat' dir='ltr'>recentioris</span> <span class='ocrx_word' id='word_1_14' title='bbox 1005 339 1128 375; x_wconf 86' lang='lat' dir='ltr'>dec-imi</span> <span class='ocrx_word' id='word_1_15' title='bbox 1164 338 1221 372; x_wconf 88' lang='lat' dir='ltr'>vel</span> <span class='ocrx_word' id='word_1_16' title='bbox 1255 337 1428 373; x_wconf 80' lang='lat' dir='ltr'><strong>undecimi</strong></span> 
     </span>
     <span class='ocr_line' id='line_1_4' title="bbox 233 394 1428 443; baseline -0.002 -12"><span class='ocrx_word' id='word_1_17' title='bbox 233 397 351 431; x_wconf 72' lang='lat' dir='ltr'>notam</span> <span class='ocrx_word' id='word_1_18' title='bbox 376 405 456 441; x_wconf 85' lang='lat' dir='ltr'>prae</span> <span class='ocrx_word' id='word_1_19' title='bbox 480 407 516 431; x_wconf 86' lang='lat' dir='ltr'>se</span> <span class='ocrx_word' id='word_1_20' title='bbox 548 396 698 432; x_wconf 86' lang='lat' dir='ltr'>ferentes</span> <span class='ocrx_word' id='word_1_21' title='bbox 714 396 751 442; x_wconf 88' lang='lat'>¹),</span> <span class='ocrx_word' id='word_1_22' title='bbox 785 396 918 443; x_wconf 82' lang='lat' dir='ltr'>reliqua</span> <span class='ocrx_word' id='word_1_23' title='bbox 941 396 1084 434; x_wconf 75' lang='lat' dir='ltr'>nomina</span> <span class='ocrx_word' id='word_1_24' title='bbox 1115 394 1261 441; x_wconf 89' lang='lat' dir='ltr'><strong>(XXVI)</strong></span> <span class='ocrx_word' id='word_1_25' title='bbox 1292 395 1428 440; x_wconf 81' lang='lat' dir='ltr'>partem</span> 
     </span>
     <span class='ocr_line' id='line_1_5' title="bbox 232 453 1427 500; baseline -0.001 -12"><span class='ocrx_word' id='word_1_26' title='bbox 232 453 383 499; x_wconf 83' lang='lat' dir='ltr'>priorem</span> <span class='ocrx_word' id='word_1_27' title='bbox 423 453 545 489; x_wconf 85' lang='lat' dir='ltr'>thiad</span> <span class='ocrx_word' id='word_1_28' title='bbox 582 455 760 489; x_wconf 87' lang='lat' dir='ltr'>ostendere</span> <span class='ocrx_word' id='word_1_29' title='bbox 797 465 906 499; x_wconf 88' lang='lat' dir='ltr'>neque</span> <span class='ocrx_word' id='word_1_30' title='bbox 936 454 1151 500; x_wconf 78' lang='lat' dir='ltr'>diphthongo</span> <span class='ocrx_word' id='word_1_31' title='bbox 1178 464 1228 488; x_wconf 91' lang='lat' dir='ltr'>eu</span> <span class='ocrx_word' id='word_1_32' title='bbox 1252 453 1367 488; x_wconf 88' lang='lat' dir='ltr'>locum</span> <span class='ocrx_word' id='word_1_33' title='bbox 1391 453 1427 487; x_wconf 91' lang='lat' dir='ltr'>in</span> 
     </span>
     <span class='ocr_line' id='line_1_6' title="bbox 191 509 845 557; baseline 0.006 -13"><span class='ocrx_word' id='word_1_34' title='bbox 191 534 198 542; x_wconf 39' lang='lat' dir='ltr'>x</span> <span class='ocrx_word' id='word_1_35' title='bbox 231 510 276 546; x_wconf 89' lang='lat' dir='ltr'>iis</span> <span class='ocrx_word' id='word_1_36' title='bbox 302 520 376 546; x_wconf 85' lang='lat' dir='ltr'>esse</span> <span class='ocrx_word' id='word_1_37' title='bbox 401 511 501 547; x_wconf 82' lang='lat' dir='ltr'>facile</span> <span class='ocrx_word' id='word_1_38' title='bbox 526 510 592 546; x_wconf 89' lang='lat' dir='ltr'>tibi</span> <span class='ocrx_word' id='word_1_39' title='bbox 616 509 845 557; x_wconf 81' lang='lat' dir='ltr'>persuadebis.</span> 
     </span>
    </p>

    <p class='ocr_par' dir='ltr' id='par_1_3' title="bbox 230 567 1428 776">
     <span class='ocr_line' id='line_1_7' title="bbox 347 567 1428 614; baseline -0.002 -9"><span class='ocrx_word' id='word_1_40' title='bbox 347 568 564 614; x_wconf 77' lang='lat' dir='ltr'>Constare</span> <span class='ocrx_word' id='word_1_41' title='bbox 586 570 725 614; x_wconf 87' lang='lat' dir='ltr'>igitur</span> <span class='ocrx_word' id='word_1_42' title='bbox 751 569 929 605; x_wconf 89' lang='lat' dir='ltr'>videtur</span> <span class='ocrx_word' id='word_1_43' title='bbox 953 570 996 605; x_wconf 92' lang='lat' dir='ltr'>in</span> <span class='ocrx_word' id='word_1_44' title='bbox 1021 569 1260 605; x_wconf 84' lang='lat' dir='ltr'>Frisiorum</span> <span class='ocrx_word' id='word_1_45' title='bbox 1291 567 1428 604; x_wconf 89' lang='lat' dir='ltr'>nomi-</span> 
     </span>
     <span class='ocr_line' id='line_1_8' title="bbox 232 625 1427 673; baseline -0.001 -12"><span class='ocrx_word' id='word_1_46' title='bbox 232 626 358 662; x_wconf 89' lang='lat' dir='ltr'>nibus</span> <span class='ocrx_word' id='word_1_47' title='bbox 384 637 475 663; x_wconf 87' lang='lat' dir='ltr'>cum</span> <span class='ocrx_word' id='word_1_48' title='bbox 500 636 603 662; x_wconf 83' lang='lat' dir='ltr'>voce</span> <span class='ocrx_word' id='word_1_49' title='bbox 627 625 808 673; x_wconf 61' lang='lat' dir='ltr'>thiadoe)</span> <span class='ocrx_word' id='word_1_50' title='bbox 836 627 1089 671; x_wconf 88' lang='lat' dir='ltr'>compositis</span> <span class='ocrx_word' id='word_1_51' title='bbox 1115 637 1163 661; x_wconf 78' lang='lat' dir='ltr'>eu</span> <span class='ocrx_word' id='word_1_52' title='bbox 1187 625 1427 671; x_wconf 89' lang='lat' dir='ltr'>diphthon-</span> 
     </span>
     <span class='ocr_line' id='line_1_9' title="bbox 230 683 1427 730; baseline -0.001 -11"><span class='ocrx_word' id='word_1_53' title='bbox 230 694 325 730; x_wconf 90' lang='lat' dir='ltr'>gum</span> <span class='ocrx_word' id='word_1_54' title='bbox 351 694 597 729; x_wconf 86' lang='lat' dir='ltr'><strong>numquam,</strong></span> <span class='ocrx_word' id='word_1_55' title='bbox 623 684 688 727; x_wconf 77' lang='lat' dir='ltr'>iu,</span> <span class='ocrx_word' id='word_1_56' title='bbox 713 683 800 719; x_wconf 89' lang='lat' dir='ltr'>nisi</span> <span class='ocrx_word' id='word_1_57' title='bbox 825 684 838 718; x_wconf 90' lang='lat' dir='ltr'>i</span> <span class='ocrx_word' id='word_1_58' title='bbox 862 684 1068 719; x_wconf 83' lang='lat' dir='ltr'>litterula</span> <span class='ocrx_word' id='word_1_59' title='bbox 1093 685 1315 728; x_wconf 65' lang='lat' dir='ltr'>sequatuv,</span> <span class='ocrx_word' id='word_1_60' title='bbox 1348 692 1427 718; x_wconf 90' lang='lat' dir='ltr'>non</span> 
     </span>
     <span class='ocr_line' id='line_1_10' title="bbox 230 740 435 776; baseline -0.005 0"><span class='ocrx_word' id='word_1_61' title='bbox 230 740 435 776; x_wconf 77' lang='lat' dir='ltr'>inveniri.</span> 
     </span>
    </p>
   </div>
   <div class='ocr_carea' id='block_1_3' title="bbox 344 796 1579 840">
    <p class='ocr_par' dir='ltr' id='par_1_4' title="bbox 344 796 1579 840">
     <span class='ocr_line' id='line_1_11' title="bbox 344 796 1579 840; baseline -0.001 -7"><span class='ocrx_word' id='word_1_62' title='bbox 344 798 394 833; x_wconf 87' lang='lat' dir='ltr'>At</span> <span class='ocrx_word' id='word_1_63' title='bbox 418 808 487 833; x_wconf 91' lang='lat' dir='ltr'>non</span> <span class='ocrx_word' id='word_1_64' title='bbox 513 799 622 834; x_wconf 89' lang='lat' dir='ltr'>omnis</span> <span class='ocrx_word' id='word_1_65' title='bbox 647 800 779 834; x_wconf 87' lang='lat' dir='ltr'>remota</span> <span class='ocrx_word' id='word_1_66' title='bbox 804 808 875 834; x_wconf 89' lang='lat' dir='ltr'>esse</span> <span class='ocrx_word' id='word_1_67' title='bbox 892 798 1029 834; x_wconf 87' lang='lat' dir='ltr'>videtur</span> <span class='ocrx_word' id='word_1_68' title='bbox 1054 797 1256 840; x_wconf 83' lang='lat' dir='ltr'>difficultas,</span> <span class='ocrx_word' id='word_1_69' title='bbox 1284 807 1364 834; x_wconf 87' lang='lat' dir='ltr'>eum</span> <span class='ocrx_word' id='word_1_70' title='bbox 1388 796 1426 832; x_wconf 94' lang='lat' dir='ltr'>in</span> <span class='ocrx_word' id='word_1_71' title='bbox 1466 800 1534 824; x_wconf 58' lang='lat' dir='ltr'>*hm</span> <span class='ocrx_word' id='word_1_72' title='bbox 1553 802 1579 823; x_wconf 71' lang='lat' dir='ltr'>et</span> 
     </span>
    </p>
   </div>
   <div class='ocr_carea' id='block_1_4' title="bbox 1450 829 1592 852">
    <p class='ocr_par' dir='ltr' id='par_1_5' title="bbox 1450 829 1592 852">
     <span class='ocr_line' id='line_1_12' title="bbox 1450 829 1592 852; baseline 0 0"><span class='ocrx_word' id='word_1_73' title='bbox 1450 829 1517 852; x_wconf 72' lang='lat' dir='ltr'>thiat</span> <span class='ocrx_word' id='word_1_74' title='bbox 1530 829 1592 852; x_wconf 81' lang='lat' dir='ltr'>idem</span> 
     </span>
    </p>
   </div>
   <div class='ocr_carea' id='block_1_5' title="bbox 230 854 1608 899">
    <p class='ocr_par' dir='ltr' id='par_1_6' title="bbox 230 854 1608 899">
     <span class='ocr_line' id='line_1_13' title="bbox 230 854 1608 899; baseline 0 -10"><span class='ocrx_word' id='word_1_75' title='bbox 230 854 355 889; x_wconf 87' lang='lat' dir='ltr'>codicis</span> <span class='ocrx_word' id='word_1_76' title='bbox 383 854 656 890; x_wconf 88' lang='lat' dir='ltr'>Vindobonensis</span> <span class='ocrx_word' id='word_1_77' title='bbox 682 855 932 899; x_wconf 79' lang='lat' dir='ltr'>subscriptione</span> <span class='ocrx_word' id='word_1_78' title='bbox 963 865 1032 890; x_wconf 88' lang='lat' dir='ltr'>non</span> <span class='ocrx_word' id='word_1_79' title='bbox 1069 855 1133 889; x_wconf 89' lang='lat' dir='ltr'>th</span> <span class='ocrx_word' id='word_1_80' title='bbox 1125 866 1135 889; x_wconf 88' lang='lat'><em>1</em></span> <span class='ocrx_word' id='word_1_81' title='bbox 1145 854 1216 889; x_wconf 86' lang='lat' dir='ltr'>atb</span> <span class='ocrx_word' id='word_1_82' title='bbox 1228 865 1270 889; x_wconf 87' lang='lat' dir='ltr'>er</span> <span class='ocrx_word' id='word_1_83' title='bbox 1278 855 1311 889; x_wconf 92' lang='lat' dir='ltr'>t</span> <span class='ocrx_word' id='word_1_84' title='bbox 1302 866 1330 896; x_wconf 87' lang='lat'>1,</span> <span class='ocrx_word' id='word_1_85' title='bbox 1365 855 1426 890; x_wconf 88' lang='lat' dir='ltr'>sed</span> <span class='ocrx_word' id='word_1_86' title='bbox 1436 858 1515 880; x_wconf 64' lang='lat'>”¹2¹0</span> <span class='ocrx_word' id='word_1_87' title='bbox 1524 858 1553 880; x_wconf 72' lang='lat' dir='ltr'>de</span> <span class='ocrx_word' id='word_1_88' title='bbox 1554 858 1594 880; x_wconf 69' lang='lat' dir='ltr'>fen</span> <span class='ocrx_word' id='word_1_89' title='bbox 1595 869 1608 874; x_wconf 90' lang='lat'><em>-</em></span> 
     </span>
    </p>
   </div>
   <div class='ocr_carea' id='block_1_6' title="bbox 226 911 1480 1757">
    <p class='ocr_par' dir='ltr' id='par_1_7' title="bbox 229 911 1426 1015">
     <span class='ocr_line' id='line_1_14' title="bbox 230 911 1426 957; baseline -0.001 -11"><span class='ocrx_word' id='word_1_90' title='bbox 230 911 472 947; x_wconf 69' lang='lat' dir='ltr'>theutberti</span> <span class='ocrx_word' id='word_1_91' title='bbox 511 911 658 957; x_wconf 84' lang='lat' dir='ltr'>legatur.</span> <span class='ocrx_word' id='word_1_92' title='bbox 705 911 817 956; x_wconf 84' lang='lat' dir='ltr'>Quam</span> <span class='ocrx_word' id='word_1_93' title='bbox 854 911 1096 947; x_wconf 84' lang='lat' dir='ltr'>difficultatem</span> <span class='ocrx_word' id='word_1_94' title='bbox 1127 911 1257 946; x_wconf 89' lang='lat' dir='ltr'>nullius</span> <span class='ocrx_word' id='word_1_95' title='bbox 1288 921 1426 955; x_wconf 88' lang='lat' dir='ltr'>prorsus</span> 
     </span>
     <span class='ocr_line' id='line_1_15' title="bbox 229 968 1354 1015; baseline -0.001 -10"><span class='ocrx_word' id='word_1_96' title='bbox 229 970 398 1005; x_wconf 89' lang='lat' dir='ltr'>momenti</span> <span class='ocrx_word' id='word_1_97' title='bbox 424 980 497 1005; x_wconf 89' lang='lat' dir='ltr'>esse</span> <span class='ocrx_word' id='word_1_98' title='bbox 522 969 623 1005; x_wconf 86' lang='lat' dir='ltr'>facile</span> <span class='ocrx_word' id='word_1_99' title='bbox 649 970 689 1005; x_wconf 81' lang='lat' dir='ltr'>ex</span> <span class='ocrx_word' id='word_1_100' title='bbox 714 970 757 1005; x_wconf 88' lang='lat' dir='ltr'>iis</span> <span class='ocrx_word' id='word_1_101' title='bbox 782 979 869 1015; x_wconf 88' lang='lat' dir='ltr'>quae</span> <span class='ocrx_word' id='word_1_102' title='bbox 890 969 1052 1005; x_wconf 81' lang='lat' dir='ltr'>secuntur</span> <span class='ocrx_word' id='word_1_103' title='bbox 1076 968 1204 1014; x_wconf 82' lang='lat' dir='ltr'>conligi</span> <span class='ocrx_word' id='word_1_104' title='bbox 1230 969 1354 1014; x_wconf 86' lang='lat' dir='ltr'>potest.</span> 
     </span>
    </p>

    <p class='ocr_par' dir='ltr' id='par_1_8' title="bbox 226 1026 1480 1643">
     <span class='ocr_line' id='line_1_16' title="bbox 343 1026 1480 1072; baseline -0.001 -10"><span class='ocrx_word' id='word_1_105' title='bbox 343 1026 607 1072; x_wconf 87' lang='lat' dir='ltr'>Diphthongum</span> <span class='ocrx_word' id='word_1_106' title='bbox 632 1027 673 1062; x_wconf 87' lang='lat' dir='ltr'>ia</span> <span class='ocrx_word' id='word_1_107' title='bbox 705 1038 743 1062; x_wconf 86' lang='lat' dir='ltr'>ex</span> <span class='ocrx_word' id='word_1_108' title='bbox 775 1028 817 1062; x_wconf 93' lang='lat' dir='ltr'>iu</span> <span class='ocrx_word' id='word_1_109' title='bbox 850 1028 1041 1064; x_wconf 86' lang='lat' dir='ltr'>seeundum</span> <span class='ocrx_word' id='word_1_110' title='bbox 1066 1029 1177 1062; x_wconf 83' lang='lat' dir='ltr'>certas</span> <span class='ocrx_word' id='word_1_111' title='bbox 1204 1027 1296 1072; x_wconf 88' lang='lat' dir='ltr'>leges</span> <span class='ocrx_word' id='word_1_112' title='bbox 1321 1027 1480 1071; x_wconf 87' lang='lat' dir='ltr'>profi-¹</span> 
     </span>
     <span class='ocr_line' id='line_1_17' title="bbox 229 1082 1426 1130; baseline 0.001 -12"><span class='ocrx_word' id='word_1_113' title='bbox 229 1082 312 1118; x_wconf 85' lang='lat' dir='ltr'>cisei</span> <span class='ocrx_word' id='word_1_114' title='bbox 336 1094 442 1129; x_wconf 87' lang='lat' dir='ltr'>supra</span> <span class='ocrx_word' id='word_1_115' title='bbox 459 1084 627 1128; x_wconf 80' lang='lat' dir='ltr'>vidimus3</span> <span class='ocrx_word' id='word_1_116' title='bbox 654 1085 712 1120; x_wconf 91' lang='lat' dir='ltr'>sed</span> <span class='ocrx_word' id='word_1_117' title='bbox 730 1095 840 1130; x_wconf 90' lang='lat' dir='ltr'>neque</span> <span class='ocrx_word' id='word_1_118' title='bbox 858 1085 933 1130; x_wconf 87' lang='lat' dir='ltr'>ipsa</span> <span class='ocrx_word' id='word_1_119' title='bbox 949 1083 1185 1129; x_wconf 86' lang='lat' dir='ltr'>diphthongus</span> <span class='ocrx_word' id='word_1_120' title='bbox 1210 1083 1252 1118; x_wconf 94' lang='lat' dir='ltr'>iu</span> <span class='ocrx_word' id='word_1_121' title='bbox 1277 1084 1426 1128; x_wconf 82' lang='lat' dir='ltr'>genuina</span> 
     </span>
     <span class='ocr_line' id='line_1_18' title="bbox 229 1141 1424 1187; baseline 0.001 -12"><span class='ocrx_word' id='word_1_122' title='bbox 229 1142 297 1183; x_wconf 79' lang='lat' dir='ltr'>est,</span> <span class='ocrx_word' id='word_1_123' title='bbox 324 1152 447 1176; x_wconf 86' lang='lat' dir='ltr'>verum</span> <span class='ocrx_word' id='word_1_124' title='bbox 471 1144 546 1176; x_wconf 86' lang='lat' dir='ltr'>orta</span> <span class='ocrx_word' id='word_1_125' title='bbox 571 1142 682 1177; x_wconf 83' lang='lat' dir='ltr'>vocali</span> <span class='ocrx_word' id='word_1_126' title='bbox 708 1141 921 1177; x_wconf 87' lang='lat' dir='ltr'>incremento</span> <span class='ocrx_word' id='word_1_127' title='bbox 946 1153 986 1177; x_wconf 85' lang='lat' dir='ltr'>ex</span> <span class='ocrx_word' id='word_1_128' title='bbox 1018 1153 1059 1183; x_wconf 82' lang='lat' dir='ltr'>u,</span> <span class='ocrx_word' id='word_1_129' title='bbox 1095 1142 1150 1176; x_wconf 89' lang='lat' dir='ltr'>cui</span> <span class='ocrx_word' id='word_1_130' title='bbox 1175 1142 1302 1176; x_wconf 83' lang='lat' dir='ltr'>vocalis</span> <span class='ocrx_word' id='word_1_131' title='bbox 1326 1151 1424 1187; x_wconf 85' lang='lat' dir='ltr'>prae-</span> 
     </span>
     <span class='ocr_line' id='line_1_19' title="bbox 228 1196 1424 1243; baseline 0.001 -13"><span class='ocrx_word' id='word_1_132' title='bbox 228 1196 384 1231; x_wconf 88' lang='lat' dir='ltr'>mittitur</span> <span class='ocrx_word' id='word_1_133' title='bbox 415 1208 501 1242; x_wconf 86' lang='lat' dir='ltr'>quae</span> <span class='ocrx_word' id='word_1_134' title='bbox 538 1199 742 1243; x_wconf 87' lang='lat' dir='ltr'>plerumque</span> <span class='ocrx_word' id='word_1_135' title='bbox 774 1198 931 1233; x_wconf 84' lang='lat' dir='ltr'>litterula</span> <span class='ocrx_word' id='word_1_136' title='bbox 954 1199 966 1233; x_wconf 92' lang='lat' dir='ltr'>i</span> <span class='ocrx_word' id='word_1_137' title='bbox 991 1197 1216 1243; x_wconf 80' lang='lat' dir='ltr'>significatur,</span> <span class='ocrx_word' id='word_1_138' title='bbox 1244 1199 1302 1232; x_wconf 88' lang='lat' dir='ltr'>sed</span> <span class='ocrx_word' id='word_1_139' title='bbox 1329 1198 1424 1232; x_wconf 84' lang='lat' dir='ltr'>cuius</span> 
     </span>
     <span class='ocr_line' id='line_1_20' title="bbox 227 1253 1425 1300; baseline 0.001 -12"><span class='ocrx_word' id='word_1_140' title='bbox 227 1253 319 1297; x_wconf 90' lang='lat' dir='ltr'>loco,</span> <span class='ocrx_word' id='word_1_141' title='bbox 355 1264 433 1289; x_wconf 85' lang='lat' dir='ltr'>cum</span> <span class='ocrx_word' id='word_1_142' title='bbox 458 1254 609 1290; x_wconf 81' lang='lat' dir='ltr'>incertae</span> <span class='ocrx_word' id='word_1_143' title='bbox 643 1255 827 1290; x_wconf 85' lang='lat' dir='ltr'>admodum</span> <span class='ocrx_word' id='word_1_144' title='bbox 860 1254 905 1290; x_wconf 90' lang='lat' dir='ltr'>sit</span> <span class='ocrx_word' id='word_1_145' title='bbox 938 1255 1096 1300; x_wconf 85' lang='lat' dir='ltr'>naturae,</span> <span class='ocrx_word' id='word_1_146' title='bbox 1131 1255 1235 1289; x_wconf 83' lang='lat' dir='ltr'>etiam</span> <span class='ocrx_word' id='word_1_147' title='bbox 1262 1265 1279 1289; x_wconf 92' lang='lat' dir='ltr'>e</span> <span class='ocrx_word' id='word_1_148' title='bbox 1304 1254 1425 1289; x_wconf 85' lang='lat' dir='ltr'>littera</span> 
     </span>
     <span class='ocr_line' id='line_1_21' title="bbox 228 1307 1423 1358; baseline 0 -12"><span class='ocrx_word' id='word_1_149' title='bbox 228 1307 358 1356; x_wconf 77' lang='lat' dir='ltr'>Scripta</span> <span class='ocrx_word' id='word_1_150' title='bbox 394 1312 581 1348; x_wconf 85' lang='lat' dir='ltr'>invenitur.</span> <span class='ocrx_word' id='word_1_151' title='bbox 631 1312 730 1348; x_wconf 87' lang='lat' dir='ltr'>Unde</span> <span class='ocrx_word' id='word_1_152' title='bbox 761 1311 818 1356; x_wconf 87' lang='lat' dir='ltr'>fit,</span> <span class='ocrx_word' id='word_1_153' title='bbox 852 1313 891 1347; x_wconf 90' lang='lat' dir='ltr'>ut</span> <span class='ocrx_word' id='word_1_154' title='bbox 922 1312 1099 1358; x_wconf 86' lang='lat' dir='ltr'>dupplices</span> <span class='ocrx_word' id='word_1_155' title='bbox 1125 1311 1196 1347; x_wconf 87' lang='lat' dir='ltr'>fere</span> <span class='ocrx_word' id='word_1_156' title='bbox 1234 1311 1423 1357; x_wconf 80' lang='lat' dir='ltr'>diphthon-</span> 
     </span>
     <span class='ocr_line' id='line_1_22' title="bbox 226 1369 1423 1414; baseline 0.002 -11"><span class='ocrx_word' id='word_1_157' title='bbox 226 1378 349 1414; x_wconf 89' lang='lat' dir='ltr'>gorum</span> <span class='ocrx_word' id='word_1_158' title='bbox 367 1369 495 1404; x_wconf 87' lang='lat' dir='ltr'>formae</span> <span class='ocrx_word' id='word_1_159' title='bbox 522 1371 556 1404; x_wconf 88' lang='lat' dir='ltr'>et</span> <span class='ocrx_word' id='word_1_160' title='bbox 581 1371 633 1412; x_wconf 81' lang='lat' dir='ltr'>iu,</span> <span class='ocrx_word' id='word_1_161' title='bbox 652 1370 701 1412; x_wconf 89' lang='lat' dir='ltr'>io,</span> <span class='ocrx_word' id='word_1_162' title='bbox 728 1369 768 1404; x_wconf 81' lang='lat' dir='ltr'>ia</span> <span class='ocrx_word' id='word_1_163' title='bbox 793 1371 828 1405; x_wconf 86' lang='lat' dir='ltr'>et</span> <span class='ocrx_word' id='word_1_164' title='bbox 854 1380 912 1412; x_wconf 88' lang='lat' dir='ltr'>eu,</span> <span class='ocrx_word' id='word_1_165' title='bbox 932 1379 988 1412; x_wconf 83' lang='lat' dir='ltr'>eo,</span> <span class='ocrx_word' id='word_1_166' title='bbox 1016 1379 1061 1404; x_wconf 87' lang='lat' dir='ltr'>ea</span> <span class='ocrx_word' id='word_1_167' title='bbox 1076 1369 1423 1414; x_wconf 75' lang='lat' dir='ltr'>deprehendantu12).</span> 
     </span>
     <span class='ocr_line' id='line_1_23' title="bbox 226 1424 1423 1471; baseline 0.001 -11"><span class='ocrx_word' id='word_1_168' title='bbox 226 1424 502 1471; x_wconf 87' lang='lat' dir='ltr'>Incertissimae,</span> <span class='ocrx_word' id='word_1_169' title='bbox 541 1437 608 1471; x_wconf 82' lang='lat' dir='ltr'>qua</span> <span class='ocrx_word' id='word_1_170' title='bbox 633 1427 684 1461; x_wconf 91' lang='lat' dir='ltr'>est</span> <span class='ocrx_word' id='word_1_171' title='bbox 709 1426 793 1462; x_wconf 80' lang='lat' dir='ltr'>haec</span> <span class='ocrx_word' id='word_1_172' title='bbox 818 1426 992 1469; x_wconf 84' lang='lat' dir='ltr'>litterula,</span> <span class='ocrx_word' id='word_1_173' title='bbox 1031 1426 1173 1462; x_wconf 82' lang='lat' dir='ltr'>naturae</span> <span class='ocrx_word' id='word_1_174' title='bbox 1199 1426 1423 1462; x_wconf 86' lang='lat' dir='ltr'>manifestum</span> 
     </span>
     <span class='ocr_line' id='line_1_24' title="bbox 227 1483 1424 1529; baseline 0.001 -11"><span class='ocrx_word' id='word_1_175' title='bbox 227 1483 474 1518; x_wconf 79' lang='lat' dir='ltr'>documentum</span> <span class='ocrx_word' id='word_1_176' title='bbox 501 1484 589 1519; x_wconf 87' lang='lat' dir='ltr'>inest</span> <span class='ocrx_word' id='word_1_177' title='bbox 607 1484 643 1518; x_wconf 92' lang='lat' dir='ltr'>in</span> <span class='ocrx_word' id='word_1_178' title='bbox 661 1483 916 1529; x_wconf 85' lang='lat' dir='ltr'>diplomatibus,</span> <span class='ocrx_word' id='word_1_179' title='bbox 936 1493 1022 1529; x_wconf 81' lang='lat' dir='ltr'>quae</span> <span class='ocrx_word' id='word_1_180' title='bbox 1040 1484 1131 1529; x_wconf 82' lang='lat' dir='ltr'>apud</span> <span class='ocrx_word' id='word_1_181' title='bbox 1149 1483 1424 1520; x_wconf 84' lang='lat' dir='ltr'>Lacombletium</span> 
     </span>
     <span class='ocr_line' id='line_1_25' title="bbox 226 1538 1423 1585; baseline 0.003 -11"><span class='ocrx_word' id='word_1_182' title='bbox 226 1550 386 1575; x_wconf 90' lang='lat' dir='ltr'>numeros</span> <span class='ocrx_word' id='word_1_183' title='bbox 413 1541 469 1582; x_wconf 82' lang='grc'><strong>76,</strong></span> <span class='ocrx_word' id='word_1_184' title='bbox 497 1538 552 1583; x_wconf 81' lang='grc'>77,</span> <span class='ocrx_word' id='word_1_185' title='bbox 579 1541 625 1576; x_wconf 86' lang='grc'>93</span> <span class='ocrx_word' id='word_1_186' title='bbox 656 1542 826 1585; x_wconf 81' lang='lat' dir='ltr'>occupant</span> <span class='ocrx_word' id='word_1_187' title='bbox 857 1543 960 1585; x_wconf 83' lang='lat' dir='ltr'>atque</span> <span class='ocrx_word' id='word_1_188' title='bbox 996 1542 1087 1576; x_wconf 85' lang='lat' dir='ltr'>intra</span> <span class='ocrx_word' id='word_1_189' title='bbox 1125 1541 1219 1576; x_wconf 89' lang='lat' dir='ltr'>XVI.</span> <span class='ocrx_word' id='word_1_190' title='bbox 1255 1552 1423 1577; x_wconf 84' lang='lat' dir='ltr'>annorum</span> 
     </span>
     <span class='ocr_line' id='line_1_26' title="bbox 226 1597 1187 1643; baseline 0.001 -11"><span class='ocrx_word' id='word_1_191' title='bbox 226 1597 380 1643; x_wconf 83' lang='lat' dir='ltr'>spatium</span> <span class='ocrx_word' id='word_1_192' title='bbox 391 1597 421 1640; x_wconf 80' lang='lat'>³)</span> <span class='ocrx_word' id='word_1_193' title='bbox 448 1597 578 1643; x_wconf 86' lang='lat' dir='ltr'>scripta</span> <span class='ocrx_word' id='word_1_194' title='bbox 603 1598 665 1634; x_wconf 84' lang='lat' dir='ltr'>has</span> <span class='ocrx_word' id='word_1_195' title='bbox 690 1599 875 1634; x_wconf 84' lang='lat' dir='ltr'>ostendunt</span> <span class='ocrx_word' id='word_1_196' title='bbox 900 1598 1187 1643; x_wconf 82' lang='lat' dir='ltr'>subscriptiones:</span> 
     </span>
    </p>

    <p class='ocr_par' dir='ltr' id='par_1_9' title="bbox 227 1654 1423 1757">
     <span class='ocr_line' id='line_1_27' title="bbox 340 1654 1423 1692; baseline 0.001 -2"><span class='ocrx_word' id='word_1_197' title='bbox 340 1658 397 1691; x_wconf 84' lang='lat'>76.</span> <span class='ocrx_word' id='word_1_198' title='bbox 425 1654 622 1691; x_wconf 77' lang='lat' dir='ltr'>Ernustius</span> <span class='ocrx_word' id='word_1_199' title='bbox 646 1655 808 1691; x_wconf 76' lang='lat' dir='ltr'>notarius</span> <span class='ocrx_word' id='word_1_200' title='bbox 832 1655 877 1691; x_wconf 83' lang='lat' dir='ltr'>ad</span> <span class='ocrx_word' id='word_1_201' title='bbox 902 1656 1011 1692; x_wconf 78' lang='lat' dir='ltr'>uicem</span> <span class='ocrx_word' id='word_1_202' title='bbox 1042 1655 1275 1691; x_wconf 78' lang='lat' dir='ltr'>thiotmari</span> <span class='ocrx_word' id='word_1_203' title='bbox 1305 1655 1423 1692; x_wconf 77' lang='lat' dir='ltr'>archi-</span> 
     </span>
     <span class='ocr_line' id='line_1_28' title="bbox 227 1711 640 1757; baseline 0.005 -12"><span class='ocrx_word' id='word_1_204' title='bbox 227 1711 424 1755; x_wconf 75' lang='lat' dir='ltr'>cappellari</span> <span class='ocrx_word' id='word_1_205' title='bbox 449 1713 640 1757; x_wconf 75' lang='lat' dir='ltr'>recoynoui.</span> 
     </span>
    </p>
   </div>
   <div class='ocr_carea' id='block_1_7' title="bbox 227 1796 454 1804">
    <p class='ocr_par' dir='ltr' id='par_1_10' title="bbox 227 1796 454 1804">
     <span class='ocr_line' id='line_1_29' title="bbox 227 1796 454 1804; baseline 0 0"><span class='ocrx_word' id='word_1_206' title='bbox 227 1796 454 1804; x_wconf 95' lang='lat' dir='ltr'> </span> 
     </span>
    </p>
   </div>
   <div class='ocr_carea' id='block_1_8' title="bbox 224 1844 1422 2037">
    <p class='ocr_par' dir='ltr' id='par_1_11' title="bbox 224 1844 1421 1977">
     <span class='ocr_line' id='line_1_30' title="bbox 341 1844 1421 1883; baseline 0.001 -10"><span class='ocrx_word' id='word_1_207' title='bbox 341 1845 362 1881; x_wconf 89' lang='lat'>¹)</span> <span class='ocrx_word' id='word_1_208' title='bbox 384 1844 461 1873; x_wconf 89' lang='lat' dir='ltr'>Sunt</span> <span class='ocrx_word' id='word_1_209' title='bbox 481 1844 524 1873; x_wconf 90' lang='lat' dir='ltr'>XI</span> <span class='ocrx_word' id='word_1_210' title='bbox 544 1845 678 1874; x_wconf 80' lang='lat' dir='ltr'>nomina:</span> <span class='ocrx_word' id='word_1_211' title='bbox 700 1845 799 1882; x_wconf 86' lang='lat' dir='ltr'>Dodo,</span> <span class='ocrx_word' id='word_1_212' title='bbox 819 1844 924 1880; x_wconf 88' lang='lat' dir='ltr'>Deddi,</span> <span class='ocrx_word' id='word_1_213' title='bbox 944 1845 1025 1881; x_wconf 87' lang='lat' dir='ltr'>Tedi,</span> <span class='ocrx_word' id='word_1_214' title='bbox 1045 1844 1187 1875; x_wconf 83' lang='lat' dir='ltr'>Thiedrik</span> <span class='ocrx_word' id='word_1_215' title='bbox 1207 1854 1235 1883; x_wconf 89' lang='lat' dir='ltr'>p.</span> <span class='ocrx_word' id='word_1_216' title='bbox 1257 1848 1301 1881; x_wconf 83' lang='grc'>16,</span> <span class='ocrx_word' id='word_1_217' title='bbox 1325 1844 1421 1874; x_wconf 87' lang='lat' dir='ltr'>Deddi</span> 
     </span>
     <span class='ocr_line' id='line_1_31' title="bbox 225 1891 1420 1931; baseline 0.001 -11"><span class='ocrx_word' id='word_1_218' title='bbox 225 1900 252 1929; x_wconf 89' lang='lat' dir='ltr'>p.</span> <span class='ocrx_word' id='word_1_219' title='bbox 275 1894 320 1927; x_wconf 82' lang='lat'>17,</span> <span class='ocrx_word' id='word_1_220' title='bbox 341 1891 427 1921; x_wconf 91' lang='lat' dir='ltr'>Dudo</span> <span class='ocrx_word' id='word_1_221' title='bbox 448 1901 474 1929; x_wconf 92' lang='lat' dir='ltr'>p.</span> <span class='ocrx_word' id='word_1_222' title='bbox 500 1895 544 1928; x_wconf 89' lang='grc'>19,</span> <span class='ocrx_word' id='word_1_223' title='bbox 565 1892 718 1922; x_wconf 86' lang='lat' dir='ltr'>Thiezelin</span> <span class='ocrx_word' id='word_1_224' title='bbox 737 1902 766 1931; x_wconf 89' lang='lat' dir='ltr'>p.</span> <span class='ocrx_word' id='word_1_225' title='bbox 789 1895 836 1929; x_wconf 84' lang='lat'>20,</span> <span class='ocrx_word' id='word_1_226' title='bbox 857 1892 1000 1922; x_wconf 87' lang='lat' dir='ltr'>&#39;l&#39;hiedold</span> <span class='ocrx_word' id='word_1_227' title='bbox 1013 1903 1040 1931; x_wconf 93' lang='lat' dir='ltr'>p.</span> <span class='ocrx_word' id='word_1_228' title='bbox 1055 1896 1101 1929; x_wconf 80' lang='lat'>23,</span> <span class='ocrx_word' id='word_1_229' title='bbox 1121 1893 1218 1929; x_wconf 80' lang='lat' dir='ltr'>Tetta,</span> <span class='ocrx_word' id='word_1_230' title='bbox 1238 1892 1312 1922; x_wconf 83' lang='lat' dir='ltr'>Teta</span> <span class='ocrx_word' id='word_1_231' title='bbox 1325 1902 1353 1930; x_wconf 89' lang='lat' dir='ltr'>p.</span> <span class='ocrx_word' id='word_1_232' title='bbox 1374 1895 1420 1930; x_wconf 83' lang='grc'><strong>27,</strong></span> 
     </span>
     <span class='ocr_line' id='line_1_32' title="bbox 224 1939 445 1977; baseline 0.009 -9"><span class='ocrx_word' id='word_1_233' title='bbox 224 1939 329 1968; x_wconf 85' lang='lat' dir='ltr'>Tiedui</span> <span class='ocrx_word' id='word_1_234' title='bbox 348 1948 377 1977; x_wconf 78' lang='lat' dir='ltr'>p,</span> <span class='ocrx_word' id='word_1_235' title='bbox 398 1941 445 1970; x_wconf 77' lang='lat'>28.</span> 
     </span>
    </p>

    <p class='ocr_par' dir='ltr' id='par_1_12' title="bbox 340 1993 1422 2037">
     <span class='ocr_line' id='line_1_33' title="bbox 340 1993 1422 2037; baseline 0.002 -11"><span class='ocrx_word' id='word_1_236' title='bbox 340 1997 363 2034; x_wconf 78' lang='lat'>²)</span> <span class='ocrx_word' id='word_1_237' title='bbox 385 1997 491 2026; x_wconf 83' lang='lat' dir='ltr'>Omnes</span> <span class='ocrx_word' id='word_1_238' title='bbox 511 1993 561 2027; x_wconf 67' lang='lat' dir='ltr'>hut</span> <span class='ocrx_word' id='word_1_239' title='bbox 581 1998 691 2027; x_wconf 85' lang='lat' dir='ltr'>formas</span> <span class='ocrx_word' id='word_1_240' title='bbox 712 1997 918 2036; x_wconf 77' lang='lat' dir='ltr'>suppeditant:</span> <span class='ocrx_word' id='word_1_241' title='bbox 948 1998 1142 2029; x_wconf 73' lang='lat' dir='ltr'>Traditiones</span> <span class='ocrx_word' id='word_1_242' title='bbox 1157 1998 1422 2037; x_wconf 74' lang='lat' dir='ltr'>Wizenburyenses</span> 
     </span>
    </p>
   </div>
   <div class='ocr_carea' id='block_1_9' title="bbox 225 2044 928 2128">
    <p class='ocr_par' dir='ltr' id='par_1_13' title="bbox 225 2044 928 2128">
     <span class='ocr_line' id='line_1_34' title="bbox 225 2044 658 2083; baseline 0 -9"><span class='ocrx_word' id='word_1_243' title='bbox 225 2045 280 2082; x_wconf 89' lang='lat' dir='ltr'>(ed.</span> <span class='ocrx_word' id='word_1_244' title='bbox 302 2045 398 2074; x_wconf 81' lang='lat' dir='ltr'>Zeuss.</span> <span class='ocrx_word' id='word_1_245' title='bbox 421 2044 532 2082; x_wconf 87' lang='lat' dir='ltr'>Spirae.</span> <span class='ocrx_word' id='word_1_246' title='bbox 555 2046 658 2083; x_wconf 80' lang='lat'>1842):</span> 
     </span>
     <span class='ocr_line' id='line_1_35' title="bbox 511 2093 928 2128; baseline 0 -6"><span class='ocrx_word' id='word_1_247' title='bbox 511 2093 609 2122; x_wconf 77' lang='lat' dir='ltr'>Tiude</span> <span class='ocrx_word' id='word_1_248' title='bbox 762 2102 843 2122; x_wconf 90' lang='lat' dir='ltr'>num.</span> <span class='ocrx_word' id='word_1_249' title='bbox 863 2095 928 2128; x_wconf 88' lang='grc'><strong>398,</strong></span> 
     </span>
    </p>
   </div>
   <div class='ocr_carea' id='block_1_10' title="bbox 510 2140 1136 2272">
    <p class='ocr_par' dir='ltr' id='par_1_14' title="bbox 510 2140 1136 2272">
     <span class='ocr_line' id='line_1_36' title="bbox 510 2140 1136 2178; baseline 0 -9"><span class='ocrx_word' id='word_1_250' title='bbox 510 2140 692 2169; x_wconf 77' lang='lat' dir='ltr'>Theuderici</span> <span class='ocrx_word' id='word_1_251' title='bbox 790 2156 803 2168; x_wconf 65' lang='lat' dir='ltr'>n</span> <span class='ocrx_word' id='word_1_252' title='bbox 902 2143 919 2169; x_wconf 90' lang='lat'>8</span> <span class='ocrx_word' id='word_1_253' title='bbox 954 2140 1037 2177; x_wconf 82' lang='lat' dir='ltr'>(anni</span> <span class='ocrx_word' id='word_1_254' title='bbox 1060 2143 1136 2178; x_wconf 87' lang='grc'><strong>737),</strong></span> 
     </span>
     <span class='ocr_line' id='line_1_37' title="bbox 511 2188 1134 2225; baseline 0.002 -9"><span class='ocrx_word' id='word_1_255' title='bbox 511 2188 537 2216; x_wconf 88' lang='lat' dir='ltr'><em>T</em></span> <span class='ocrx_word' id='word_1_256' title='bbox 536 2188 676 2217; x_wconf 67' lang='lat' dir='ltr'>himerici</span> <span class='ocrx_word' id='word_1_257' title='bbox 794 2203 807 2216; x_wconf 71' lang='lat' dir='ltr'>n</span> <span class='ocrx_word' id='word_1_258' title='bbox 887 2191 923 2217; x_wconf 80' lang='lat'>49</span> <span class='ocrx_word' id='word_1_259' title='bbox 954 2190 963 2223; x_wconf 95' lang='lat'>(</span> <span class='ocrx_word' id='word_1_260' title='bbox 1001 2203 1014 2216; x_wconf 73' lang='lat' dir='ltr'>n</span> <span class='ocrx_word' id='word_1_261' title='bbox 1057 2191 1134 2225; x_wconf 83' lang='lat'>858),</span> 
     </span>
     <span class='ocr_line' id='line_1_38' title="bbox 510 2235 1136 2272; baseline 0.002 -9"><span class='ocrx_word' id='word_1_262' title='bbox 510 2235 685 2264; x_wconf 77' lang='lat' dir='ltr'>Theoderici</span> <span class='ocrx_word' id='word_1_263' title='bbox 792 2250 805 2263; x_wconf 66' lang='lat' dir='ltr'><em>n</em></span> <span class='ocrx_word' id='word_1_264' title='bbox 887 2238 921 2263; x_wconf 76' lang='lat'>14</span> <span class='ocrx_word' id='word_1_265' title='bbox 951 2240 959 2270; x_wconf 93' lang='lat'>(</span> <span class='ocrx_word' id='word_1_266' title='bbox 1003 2250 1016 2263; x_wconf 67' lang='grc' dir='ltr'><em>η</em></span> <span class='ocrx_word' id='word_1_267' title='bbox 1060 2238 1136 2272; x_wconf 85' lang='grc'><strong>739),</strong></span> 
     </span>
    </p>
   </div>
   <div class='ocr_carea' id='block_1_11' title="bbox 509 2283 1135 2367">
    <p class='ocr_par' dir='ltr' id='par_1_15' title="bbox 509 2283 1135 2367">
     <span class='ocr_line' id='line_1_39' title="bbox 510 2283 1134 2319; baseline 0 -7"><span class='ocrx_word' id='word_1_268' title='bbox 510 2283 707 2312; x_wconf 75' lang='lat' dir='ltr'>Thiatramno</span> <span class='ocrx_word' id='word_1_269' title='bbox 792 2298 805 2310; x_wconf 70' lang='lat' dir='ltr'>n</span> <span class='ocrx_word' id='word_1_270' title='bbox 869 2285 920 2311; x_wconf 74' lang='lat'>143</span> <span class='ocrx_word' id='word_1_271' title='bbox 952 2285 960 2319; x_wconf 91' lang='lat'>(</span> <span class='ocrx_word' id='word_1_272' title='bbox 1001 2298 1014 2311; x_wconf 69' lang='lat' dir='ltr'>n</span> <span class='ocrx_word' id='word_1_273' title='bbox 1057 2286 1134 2319; x_wconf 78' lang='grc'><strong>745),</strong></span> 
     </span>
     <span class='ocr_line' id='line_1_40' title="bbox 509 2331 1135 2367; baseline 0 -7"><span class='ocrx_word' id='word_1_274' title='bbox 509 2331 718 2360; x_wconf 80' lang='lat' dir='ltr'>Theatramno</span> <span class='ocrx_word' id='word_1_275' title='bbox 794 2345 806 2357; x_wconf 53' lang='grc' dir='ltr'><em>η</em></span> <span class='ocrx_word' id='word_1_276' title='bbox 870 2332 922 2359; x_wconf 88' lang='grc'>193</span> <span class='ocrx_word' id='word_1_277' title='bbox 953 2334 963 2366; x_wconf 76' lang='grc'>(</span> <span class='ocrx_word' id='word_1_278' title='bbox 1002 2346 1014 2359; x_wconf 66' lang='grc' dir='ltr'><em>η</em></span> <span class='ocrx_word' id='word_1_279' title='bbox 1059 2334 1135 2367; x_wconf 72' lang='grc'><strong>764).</strong></span> 
     </span>
    </p>
   </div>
   <div class='ocr_carea' id='block_1_12' title="bbox 342 2387 1028 2424">
    <p class='ocr_par' dir='ltr' id='par_1_16' title="bbox 342 2387 1028 2424">
     <span class='ocr_line' id='line_1_41' title="bbox 342 2387 1028 2424; baseline 0.003 -9"><span class='ocrx_word' id='word_1_280' title='bbox 342 2387 364 2424; x_wconf 79' lang='lat'>³)</span> <span class='ocrx_word' id='word_1_281' title='bbox 389 2389 423 2416; x_wconf 84' lang='grc'><strong>76</strong></span> <span class='ocrx_word' id='word_1_282' title='bbox 444 2389 474 2416; x_wconf 89' lang='lat' dir='ltr'>et</span> <span class='ocrx_word' id='word_1_283' title='bbox 495 2390 529 2416; x_wconf 88' lang='grc'>77</span> <span class='ocrx_word' id='word_1_284' title='bbox 551 2389 621 2417; x_wconf 85' lang='lat' dir='ltr'>sunt</span> <span class='ocrx_word' id='word_1_285' title='bbox 641 2388 709 2417; x_wconf 84' lang='lat' dir='ltr'>anni</span> <span class='ocrx_word' id='word_1_286' title='bbox 731 2389 794 2421; x_wconf 86' lang='lat'>888,</span> <span class='ocrx_word' id='word_1_287' title='bbox 817 2390 852 2416; x_wconf 82' lang='lat'>93</span> <span class='ocrx_word' id='word_1_288' title='bbox 873 2388 943 2417; x_wconf 85' lang='lat' dir='ltr'>anni</span> <span class='ocrx_word' id='word_1_289' title='bbox 965 2391 1028 2417; x_wconf 78' lang='lat'>904.</span> 
     </span>
    </p>
   </div>
   <div class='ocr_carea' id='block_1_13' title="bbox 1484 886 1550 908">
    <p class='ocr_par' dir='ltr' id='par_1_17' title="bbox 1484 886 1550 908">
     <span class='ocr_line' id='line_1_42' title="bbox 1484 886 1550 908; baseline 0.015 -1"><span class='ocrx_word' id='word_1_290' title='bbox 1484 886 1550 908; x_wconf 74' lang='lat' dir='ltr'>ditur</span> 
     </span>
    </p>
   </div>
   <div class='ocr_carea' id='block_1_14' title="bbox 1465 1029 1590 1051">
    <p class='ocr_par' dir='ltr' id='par_1_18' title="bbox 1465 1029 1590 1051">
     <span class='ocr_line' id='line_1_43' title="bbox 1465 1029 1590 1051; baseline 0.011 -1.316"><span class='ocrx_word' id='word_1_291' title='bbox 1465 1029 1590 1051; x_wconf 72' lang='lat' dir='ltr'>xinmtoe</span> 
     </span>
    </p>
   </div>
   <div class='ocr_carea' id='block_1_15' title="bbox 1442 1057 1605 1084">
    <p class='ocr_par' dir='ltr' id='par_1_19' title="bbox 1442 1057 1605 1084">
     <span class='ocr_line' id='line_1_44' title="bbox 1442 1057 1605 1084; baseline 0 -5"><span class='ocrx_word' id='word_1_292' title='bbox 1442 1063 1546 1084; x_wconf 63' lang='lat' dir='ltr'>gramma</span> <span class='ocrx_word' id='word_1_293' title='bbox 1546 1057 1605 1084; x_wconf 67' lang='lat' dir='ltr'>tica,</span> 
     </span>
    </p>
   </div>
  </div>
 </body>
</html>
