1721 2727
747 132 1007 168 —125—

279 235 463 271 emendare
489 236 658 280 potuerit,
680 236 739 271 ubi
764 236 852 271 nihil
879 237 953 271 erat
978 236 1249 281 emendandum,
1276 246 1344 271 non
1369 235 1474 271 intel-

277 293 366 339 lego.
403 292 569 338 Equidem
597 294 735 328 teneam
762 293 890 328 codicis
912 294 1119 338 scripturam
1147 297 1250 338 atque
1277 295 1326 328 sic
1352 293 1476 328 distin-

278 361 403 397 guam:
432 350 594 385 Attalum
619 361 705 392 vero,
732 351 792 394 qui
817 353 926 385 aetate
948 351 1132 394 proximus
1156 351 1213 392 sit,
1230 351 1309 394 quis
1326 361 1397 385 non
1407 360 1478 394 pro

279 418 354 453 reye
385 406 541 441 habeat?
579 418 684 451 neque
708 418 744 442 eo
769 407 879 442 solum
904 409 990 452 quia
1022 410 1140 443 tantas
1168 410 1371 452 praesentes
1402 407 1477 442 eius

279 475 356 509 opes
381 466 517 507 cernat,
550 464 623 506 sed,
657 465 746 508 quod
771 465 868 499 haud
892 465 1103 510 ambiyuum,
1125 465 1329 509 propediem
1354 475 1479 509 reyna-

279 524 417 556 turum:
454 532 554 555 eam-
595 522 922 566 infirmitatem
962 524 1230 566 aetatemque
1271 521 1480 557 Eumenis

281 578 570 622 esse¹)'nullam
595 579 738 622 stirpem
765 579 910 614 liberum
935 579 1101 614 habentis.

129 743 251 794 {gx-135³-
400 738 641 773 Difficillimus
667 739 719 773 est
745 737 911 773 orationis
938 737 1147 774 Servilianae
1173 738 1267 773 locus
1293 738 1397 780 XLV,
1424 739 1482 784 39,

274 796 437 835 dfe—13,
464 796 522 839 qui
548 795 585 829 in
612 797 683 829 cod.
712 795 735 828 f.
767 795 846 829 187ΙΓ
878 795 899 829 l.
930 796 972 829 16
998 805 1070 839 sqq.
1096 795 1147 829 ita
1179 798 1289 829 exstat
1314 797 1482 840 scriptus:

399 851 1255 944 ILLASUICTIMASQUASTRADUCEIQJRggIIE

402 957 1314 993 TRIUMPHOUINDICAUITALIASALIOSDE-

403 1013 1274 1056 TEMACTATIQUIDEMILLAEAEPULAESE

286 1069 310 1105 1.
328 1069 376 1105 20
401 1069 1260 1114 NATUSQUODNECPRIUATOLOCONEOPU

401 1126 1281 1164 BLICOPROFANOSEDINCAPITOLIOEDUN

403 1184 1201 1220 TURUTRUMHOMINUMUOLUNTATIS

404 1240 1275 1285 CAUSAANDEORUMHOMINUMQUEAUC⁹)

403 1298 1288 1334 TORESERUNTUIOGALBATURBATURIES

288 1356 312 1391 1.
331 1356 378 1392 25
404 1355 491 1391 TIS.
509 1383 515 1389 .
532 1382 540 1390 .

406 1412 558 1456 Quorum
584 1413 845 1447 enuntiatorum
870 1413 965 1457 prius
983 1413 1182 1457 Madvigius
1207 1413 1336 1458 partim
1362 1413 1488 1448 Frobe-

290 1472 431 1506 nianam
457 1470 653 1510 editionem,
689 1470 818 1513 partim
850 1469 1063 1506 Gronovium
1101 1472 1240 1504 secutus
1273 1470 1324 1504 ita
1356 1469 1489 1504 reddit:

407 1596 430 1629 ¹)
452 1594 509 1623 Sic.
532 1593 563 1621 in
584 1592 645 1622 cod.
667 1592 686 1621 f.
706 1594 773 1622 163*
793 1592 812 1621 l.
830 1594 941 1622 20—21
963 1591 1084 1630 legitur.
1116 1591 1160 1622 Cf.
1181 1592 1283 1631 Polyb.
1306 1592 1403 1626 XXX.
1425 1596 1450 1627 2,
1473 1596 1490 1622 5

290 1645 370 1681 (Exc.
398 1643 433 1672 de
462 1643 520 1679 leg.
542 1651 569 1679 p.
592 1643 772 1676 166—167):
794 1643 838 1673 εἷς
870 1642 904 1669 δὲ
934 1640 969 1669 τὸ
999 1643 1115 1678 μέλλον
1146 1641 1405 1678 ὁμολογουμένως
1435 1652 1490 1669 κα-

289 1694 469 1721 ταλείπεται
482 1688 630 1728 διάδοχος
642 1690 695 1724 τῆς
714 1688 824 1728 ἀρχῆς,
846 1688 882 1718 οὐ
902 1688 1026 1728 μακρὰν
1045 1686 1156 1724 ταύτης
1176 1689 1229 1724 τῆς
1250 1688 1374 1721 ἐλπίδος
1393 1688 1489 1726 ῦπαρ-

285 1738 414 1779 χούσης,
434 1738 498 1768 ἅτε
519 1739 574 1767 τοῦ
587 1739 734 1775 βασιλέως
754 1736 804 1765 διὰ
826 1736 883 1772 τὴν
895 1737 955 1774 μὲν
970 1735 1148 1774 σωματικὴν
1162 1736 1325 1765 ἀσθένειαν
1338 1735 1491 1775 ἄεὶπρος-

292 1790 445 1820 δοκῶντος
465 1786 522 1822 τὴν
543 1787 575 1815 ἐκ
595 1786 649 1814 τοῦ
666 1787 736 1821 βίου
756 1783 960 1822 μετάστασιν,
989 1782 1040 1811 διὰ
1067 1784 1102 1812 δὲ
1121 1783 1178 1819 τὴν
1197 1783 1351 1812 ἀπαιδίαν
1377 1782 1442 1812 οὐδ’
1465 1785 1493 1812 εἰ

291 1838 460 1875 βουληθείη
482 1834 659 1873 δυναμένου
679 1831 736 1869 τὴν
760 1830 860 1872 ἀρχὴν
886 1830 967 1869 ἄλλῳ
997 1833 1187 1861 καταλιπεῖν.
1222 1831 1308 1868 Quod
1337 1831 1374 1860 ad
1403 1840 1490 1860 usum

291 1884 475 1923 pronominis
506 1891 572 1911 eam
598 1881 714 1910 adtiner
735 1880 772 1909 cf.
794 1879 883 1914 XLV,
907 1882 951 1913 19,
971 1883 1057 1909 4—5.
1071 1901 1078 1907 .
1091 1901 1099 1909 .
1125 1879 1247 1916 [Erant]
1269 1879 1350 1908 enim
1369 1879 1494 1916 quidam

292 1934 503 1964 Romanorum
522 1938 640 1967 quoque
660 1937 725 1957 non
745 1928 815 1957 boni
835 1930 982 1960 auctores,
1003 1927 1056 1965 qui
1075 1935 1128 1964 spe
1142 1926 1339 1964 cupiditatem
1359 1926 1423 1955 eius
1443 1926 1496 1955 eli-

293 1984 412 2012 cerent:
441 1989 517 2009 eam
543 1978 765 2016 opinionem
791 1975 828 2004 de
848 1975 955 2004 Attalo
975 1978 1002 2005 et
1022 1975 1163 2004 Eumene
1182 1974 1297 2004 Romae
1318 1983 1392 2010 esse,
1419 1977 1494 2003 tam-

293 2039 384 2068 quam
405 2029 443 2058 de
463 2028 559 2057 altero
579 2025 730 2056 Romanis
749 2028 828 2054 certo
849 2024 954 2059 amico,
976 2024 1070 2052 altero
1090 2031 1145 2052 nec
1157 2022 1307 2052 Romanis
1319 2030 1374 2051 nec
1387 2022 1496 2051 Persei

293 2078 356 2114 fido
382 2077 468 2106 socio.
508 2075 538 2111 Ι,
560 2077 612 2111 34,
635 2076 652 2102 9
682 2072 832 2109 accepisse
860 2071 894 2100 id
913 2071 1079 2108 auqurium
1098 2070 1179 2099 laeta
1199 2070 1313 2099 dieitur
1334 2069 1499 2107 Tanaquil,

294 2126 407 2163 perita,
441 2127 476 2153 ut
496 2123 582 2161 vulqo
603 2120 732 2151 Etrusci
739 2142 745 2154 ,
767 2119 938 2149 caelestium
960 2118 1170 2156 prodiyiorum
1190 2117 1308 2146 mulier.
1331 2118 1446 2146 excelsa
1467 2120 1497 2146 et

304 2175 369 2204 alta
394 2180 519 2209 sperare
545 2170 695 2206 conpleaea
720 2168 821 2198 virum
850 2167 950 2195 iubet:
983 2175 1060 2194 eam
1093 2165 1237 2200 alitem,
1272 2174 1314 2194 ea
1345 2165 1499 2203 reyione

301 2222 400 2254 caeli
419 2224 451 2251 et
472 2220 553 2250 eius
574 2217 634 2248 dei
653 2216 829 2246 nuntiam
849 2214 1045 2244 venisse..

413 2271 437 2306 ²)
460 2268 577 2297 Erroris
591 2261 1000 2295 AUCTORESERUTNUIO
1021 2261 1163 2297 originem
1187 2261 1387 2290 enarravimus
1416 2270 1444 2299 p.
1462 2264 1500 2290 62

295 2328 325 2348 ιι.
348 2320 363 2346 1
385 2333 422 2339 -
442 2316 538 2345 Pravo
558 2313 637 2352 apud
657 2311 842 2348 Madvigium
863 2309 970 2339 codicis
996 2309 1142 2346 scriptura
1162 2308 1204 2337 sie
1229 2309 1365 2337 notaturz
1396 2312 1497 2338 aucto-

294 2374 343 2395 res
363 2367 455 2394 erunt
474 2363 534 2392 ulo.
