1721 2727
220 279 445 320 difficultates
470 290 574 324 quam
597 279 834 325 gravissimae.
869 280 946 315 Iam
971 289 1073 325 supra
1098 281 1297 324 memoravi,
1318 280 1416 315 dubi-

219 338 293 372 tare
330 336 497 378 Jast’eum,
537 347 622 372 num
654 336 852 372 Dorostadii
881 346 1047 381 umquam
1080 336 1185 371 fuerit
1219 337 1314 371 sedes
1344 337 1415 381 epi·

219 393 382 440 scopalis‚
424 404 534 440 neque
571 392 825 430 dubitationem
865 393 970 430 istam
1010 392 1293 439 improbaverim,
1337 403 1416 429 cum

218 460 391 497 nusquam
416 451 500 486 alibi
525 451 582 486 vel
605 450 820 487 levissimum
837 453 946 486 exstet
972 451 1074 486 huius
1101 451 1189 486 sedis
1214 450 1415 495 episcopalis

218 508 397 544 indicium.
454 507 520 544 Sed
562 519 605 544 ne
646 508 683 543 in
724 517 801 543 eam
841 500 946 553 quam
986 508 1066 543 inde
1100 508 1242 543 deducit
1283 508 1415 544 Jaffeus

218 567 339 602 abeam
371 565 582 602 sententiam
599 564 852 600 Theatbertum
878 565 981 600 illum
1001 564 1231 609 probabiliter
1247 576 1415 610 quaeren-

218 625 301 658 dum
324 633 393 658 esse
432 623 470 657 in
507 622 674 657 laterculo
697 622 933 666 episcoporum
965 621 1289 663 Ultraieetiuorum‚
1315 623 1416 667 plura

217 680 378 717 videntur
403 679 551 715 obstare.

333 737 532 772 Traiectum
556 738 649 771 vetus
674 736 787 771 subter
803 724 996 771 Dorestado
1013 737 1147 773 dictum
1164 738 1283 782 procul
1308 736 1412 773 dubio
1424 742 1541 794 anpglssffl
1551 750 1593 776 ’ἢθ-

220 796 272 829 est
303 794 346 829 ad
372 794 670 829 determinandam
701 794 897 828 accuratius
929 794 1121 839 regionem,
1159 794 1196 828 in
1230 805 1298 839 qua
1331 778 1596 850 111113ἶὲἷ>1ῗιέἒῆἶμ

217 850 285 886 ista
310 849 379 885 sita
405 852 489 892 erat,
516 859 626 893 neque
651 849 820 885 eiusmodi
844 850 979 885 dicendi
1012 860 1121 895 genus
1156 861 1176 885 a
1207 853 1324 886 nostro
1351 851 1411 885 ab-
1446 834 1509 850 '³¹⁶⁶
1546 834 1585 850 Μ’

216 907 334 943 horret
358 917 471 949 more,
504 917 569 951 quo
595 906 672 942 loca
696 907 817 941 eodem
843 906 982 942 nomine
1010 906 1177 951 insignita
1202 907 1319 942 addito
1345 907 1412 943 alio

217 965 355 1000 nomine
381 964 609 999 discernimus
636 975 668 999 v.
696 974 725 999 c.
751 963 880 998 Badeu
905 963 955 998 bei
986 963 1094 1000 Wieu.
1132 962 1268 999 Scimus
1297 966 1414 1000 autem

217 1020 453 1056 Ultraiectum
478 1021 641 1055 vocatum
666 1030 738 1055 esse
765 1020 965 1054 Traiectum
989 1020 1038 1054 ad
1060 1020 1232 1062 Rhenum,
1261 1030 1326 1065 quo
1344 1031 1412 1062 110-

216 1078 308 1112 mine
334 1089 354 1112 a
382 1077 538 1112 Traieeto
563 1077 614 1112 ad
637 1076 778 1112 Mosam
811 1077 857 1122 (h.
890 1087 934 1112 es
951 1076 1157 1123 Mastricht)
1185 1077 1413 1124 distinguere—

215 1135 273 1169 tur
290 1134 326 1178 ¹).
341 1153 385 1158 -—
400 1132 486 1176 Quid
506 1134 613 1178 igitur
631 1133 852 1168 verisimilius
878 1143 982 1177 quam
1007 1134 1166 1168 additum
1192 1144 1263 1169 esse
1288 1145 1412 1169 nomen

215 1190 360 1236 proximi
385 1191 464 1233 loci,
491 1191 550 1235 qui
576 1190 721 1226 alicuius
739 1190 1002 1226 existimabatur
1025 1201 1097 1225 esse
1114 1191 1283 1226 momenti
1309 1193 1412 1237 atque

215 1248 357 1283 famae?
382 1248 559 1282 Nimirum
584 1247 678 1282 urbis
703 1247 902 1282 celebrioris
920 1258 1042 1282 nomen
1068 1249 1147 1283 addi
1171 1258 1238 1282 non
1263 1249 1412 1293 potuisse

215 1305 296 1340 inde
313 1304 415 1340 facile
433 1304 659 1350 intellegitur,
683 1304 772 1349 quod
792 1303 990 1339 Traiectum
1006 1304 1112 1340 totius
1129 1304 1281 1351 regionis
1309 1308 1413 1350 caput

215 1364 300 1398 erat.
327 1362 447 1397 Fuisse
472 1363 588 1397 autem
602 1360 759 1396 Dorstad
781 1361 956 1406 famosum
973 1361 1086 1396 vicum
1105 1371 1143 1396 ex
1167 1363 1260 1397 vitae
1285 1373 1310 1398 s.
1326 1361 1411 1398 Gre-

213 1419 302 1465 gorii
337 1429 357 1454 a
390 1429 418 1453 s.
444 1419 607 1462 Liutgero
640 1418 850 1463 conscriptae
882 1428 910 1453 c.
946 1418 991 1454 10
1024 1419 1169 1454 selmus:
1204 1418 1251 1454 B.
1284 1421 1411 1463 Greyo-

215 1477 291 1510 rius
306 1475 515 1521 Traiectum,
542 1475 729 1518 antiquam
756 1475 928 1509 civitatem
949 1477 980 1509 et
997 1475 1109 1509 vicum
1125 1476 1303 1519 famosum
1319 1476 1412 1511 Dor-

212 1532 308 1576 stad,
334 1543 411 1568 cum
435 1532 503 1567 illa
527 1531 720 1566 irradiavit
742 1533 844 1575 parte
871 1531 1075 1567 Fresouiae.
1091 1560 1099 1568 .
1113 1531 1174 1578 .2).
1223 1532 1323 1569 Unde
1349 1534 1411 1570 ad-

213 1592 328 1635 paret,
366 1590 509 1625 minime
543 1589 706 1625 confundi
742 1589 834 1624 inter
871 1599 907 1624 se
946 1599 1045 1634 posse
1073 1589 1272 1625 Traiectum
1306 1594 1408 1630 vetus,

214 1647 304 1692 quod
341 1647 405 1682 hoc
444 1647 518 1682 loco
555 1646 705 1690 antiqua
740 1645 863 1681 civitas
899 1649 1053 1690 vocatur,
1080 1649 1114 1681 et
1148 1646 1410 1693 Dorestadium,

214 1705 305 1748 quod
342 1704 408 1739 vici
439 1704 577 1738 nomine
614 1703 705 1738 clare
744 1704 787 1739 ab
820 1702 978 1738 Traiecto
1015 1703 1257 1749 distinguitur;
1300 1716 1411 1750 neque

214 1761 307 1805 apud
333 1771 402 1803 nos,
428 1762 468 1795 ut
494 1760 649 1806 exemplo
675 1761 755 1795 utar
780 1769 883 1805 supra
908 1760 1044 1803 adlato,
1079 1771 1243 1806 umquam
1274 1764 1334 1797 aut
1366 1763 1410 1797 11-

214 1818 286 1853 cuit
312 1821 373 1853 aut
398 1817 517 1853 licebit
544 1818 837 1863 archiepiscopum
864 1815 1165 1854 Vindoboneusem
1190 1829 1309 1855 vocare
1340 1819 1410 1855 Ba-

212 1875 375 1917 densem,
419 1885 528 1920 neque
559 1874 672 1920 magis
698 1874 907 1918 Badensem,
946 1876 975 1910 si
1005 1875 1054 1910 ibi
1092 1876 1180 1910 esset
1210 1878 1306 1911 sedes
1339 1878 1410 1922 epi-

214 1932 369 1978 scopalis,
388 1931 699 1968 vindobonensem.
1111 1970 1114 1975 ,

324 1989 380 2024 An
407 1999 487 2024 vero
514 1990 690 2035 episcopos
717 1989 857 2025 incertis
889 1990 1037 2032 sedibus,
1064 1991 1103 2024 ut
1129 1992 1228 2025 modo
1248 1991 1410 2034 Traiecti,

212 2046 541 2082 modo'Dorostadii
571 2046 784 2090 habitarent,
824 2045 930 2081 fuisse
966 2049 1192 2082 censeamus?
1231 2047 1328 2091 Quod
1360 2048 1411 2083 ita

329 2151 350 2187 ⁴)
372 2149 417 2180 Cf.
438 2149 573 2179 Batavia
600 2149 707 2185 Sacra,
737 2149 895 2179 Bruxellis
924 2152 1010 2186 1714,
1044 2158 1072 2187 p.
1101 2152 1145 2180 75.
1177 2149 1221 2180 XI
1251 2153 1281 2180 et
1309 2151 1410 2180 Series

212 2197 434 2234 Episeoporum
453 2196 604 2225 Ecclesiae
628 2195 808 2231 Catholicae,
828 2200 970 2234 quotquot
988 2197 1200 2233 innotuerunt,
1220 2207 1246 2226 a.
1270 2198 1295 2227 b.
1316 2198 1410 2228 Petro

211 2244 359 2290 Apo-stolo
380 2243 475 2274 edidit
495 2243 532 2274 P.
555 2243 632 2273 Pius
653 2243 761 2279 Bonis.
786 2242 878 2273 Gams
897 2243 1015 2274 Ratisb.
1035 2246 1125 2274 1873.
1146 2253 1213 2283 pag.
1240 2247 1295 2273 248
1316 2247 1357 2282 (4)
1379 2247 1410 2274 et

213 2295 268 2322 2⁵5
290 2293 362 2377 (123.
376 2339 422 2370 Cf.
455 2338 664 2369 Mabillonium
697 2338 728 2367 in
762 2339 877 2376 Miym'i
907 2338 1102 2377 Patrozoyiae
1132 2348 1224 2368 cursu
1256 2340 1408 2377 completo,

211 2390 284 2418 tom.
304 2388 406 2419 XCIX.
429 2397 457 2427 p.
479 2390 543 2417 759.
