1721 2727
706 143 941 178 „95—

219 246 249 281 si
286 247 543 281 Mommsenum
574 256 769 291 sequamur,
809 256 865 280 sex
901 245 1038 281 litterae
1076 247 1180 280 erunt
1217 246 1418 281 coartandae

222 303 237 346 <
248 327 256 335 .
273 300 487 339 .DECOEP.
502 304 552 347 .);
579 302 668 347 quod
690 302 803 347 spatio
830 301 932 337 nimis
954 303 1100 348 angusto
1130 312 1271 346 prorsus
1296 303 1416 344 vetari,

223 356 326 391 facile
353 358 516 391 concedet
541 358 694 402 quisquis
721 358 873 392 codicem
897 358 1092 401 inspexerit.
1122 357 1284 392 Ceterum
1302 367 1419 391 vereor

221 423 264 448 ne
276 412 523 457 Mommsenus,
542 413 745 460 praesertim
763 423 842 449 cum
861 415 901 450 de
927 413 1059 460 origine
1085 412 1169 450 belli
1186 414 1279 451 inter
1291 413 1418 450 Eume-

221 481 288 505 nen
313 482 429 518 regem
455 474 489 507 et
506 472 647 508 Galatas
673 471 743 505 iam
768 471 791 506 1.
809 471 913 514 XLV,
940 473 997 515 20,
1026 474 1042 507 1
1057 472 1083 516 ¹)
1110 483 1130 507 a
1153 473 1250 507 Livio
1268 473 1419 507 relatum

222 538 294 564 esse
311 528 448 564 disertis
466 528 578 564 verbis
592 527 751 572 fateatur,
767 528 859 563 hunc
875 529 992 564 locum
1009 529 1125 564 mimis
1139 532 1217 575 apte
1235 528 1420 574 expleverit

221 585 303 621 inde
319 588 426 630 coepit
451 586 673 628 restituendo,
702 596 782 621 cum
806 587 998 622 necessario
1023 587 1150 622 iterum
1174 586 1420 631 coepitdicen-

186 657 190 660 ·
222 643 305 678 dum
322 644 419 691 esset.
447 643 513 678 Sed
538 653 592 677 res
617 642 704 677 mihi
729 653 869 687 prorsus
893 644 997 687 plana
1020 644 1083 678 est.
1109 644 1310 678 Extremum
1327 638 1420 677 enim

222 700 294 734 eius
320 699 490 734 enuntiati
518 698 658 733 verbum
699 700 773 734 erat
806 699 1049 743 INGREUIT,
1087 700 1176 744 quod
1213 710 1280 735 non
1306 700 1419 734 solum

223 755 334 799 spatio
372 758 517 801 angusto
527 754 575 801 ⁹),
623 756 685 790 sed
722 756 828 791 etiam
867 757 1013 792 orationi
1057 758 1184 801 optime
1225 757 1419 801 respondet.

222 812 314 847 Nam
340 813 479 858 egregie
504 811 678 847 consentit
705 822 785 846 cum
816 812 951 857 Polybii
988 813 1121 848 verbis:
1159 809 1311 858 μεγάλου
1346 808 1418 848 ὕπὸ

221 869 294 903 τῶν
310 872 343 903 Γ
341 869 481 904 αλατιῖν
506 864 790 913 ε’ᾆτικρεμαμένου
807 864 968 904 κινδύνου
984 869 1029 916 τῇ
1045 867 1219 916 βασιλείᾳ,
1238 868 1422 916 προφανὲς

222 917 264 972 ἦν
296 921 351 960 ὅτι
385 922 444 962 διὰ
479 921 541 959 τὸν
566 922 807 971 σκυβαλισμὸν
841 926 968 960 τοῦτον
1005 923 1039 960 οἳ
1063 925 1130 971 μὲν
1158 926 1222 961 τοῦ
1246 925 1423 971 βασιλέως

223 978 403 1030 σύμμαχοι
421 979 759 1029 ταπεινωθήσονται
785 978 929 1026 πάντες,
957 980 990 1019 οἱ
1009 982 1049 1019 δὲ
1066 979 1227 1020 Γαλάται
1252 983 1274 1019 δ
1287 983 1422 1019 ιπλα-

223 1037 329 1080 σίως
346 1036 773 1086 ἑπιρρωσθήσονται
792 1038 903 1085 πρὸς
918 1037 994 1075 τὸν
1011 1038 1263 1085 πόλεμονῧ).
1291 1041 1423 1076 Similis

223 1097 318 1130 locus
344 1097 416 1131 est:
444 1093 550 1138 δόξας
566 1093 630 1142 γὰρ
649 1096 683 1142 (i.
702 1107 730 1131 e.
749 1092 921 1143 Εὐμένης)
948 1093 1105 1141 μάλιστα
1130 1092 1213 1131 τότε
1237 1093 1300 1130 τὶν
1329 1094 1424 1131 ἷδιάν

224 1147 334 1199 ἀρχὴν
351 1152 389 1189 ἐν
404 1146 560 1200 ἀσφαλεῖ
575 1153 763 1201 βεβηκέναι
788 1152 847 1189 καὶ
873 1150 1009 1201 πολλὴν
1033 1152 1218 1201 ἐπιφέρειν
1247 1150 1424 1202 ῥαστάνην

224 1207 287 1244 τὸν
304 1208 382 1255 ἑξῆς
398 1206 539 1254 χρόνον,
565 1206 628 1244 ἅτε
643 1210 707 1244 voi
723 1210 890 1256 Περσέως
907 1210 967 1245 καὶ
990 1207 1151 1245 καθόλου
1174 1212 1236 1256 τῆς
1269 1210 1307 1245 ἐν
1335 1213 1423 1245 Μα-

225 1263 366 1313 κεδονίᾳ
381 1263 565 1312 βασιλείας
581 1261 690 1313 ἶίρδην
704 1261 936 1314 ἀνῃρημένης,
955 1262 1037 1301 τότε
1046 1264 1227 1313 μεγίστοις
1240 1262 1422 1314 ἐνεκύρησε

225 1320 399 1364 κινδύνοις
415 1328 486 1358 τῶν
503 1322 593 1358 κατὰ
612 1321 675 1369 τὴν
686 1318 812 1359 Ἀσίαν
828 1324 1001 1359 Γαλατῶν
1016 1318 1270 1371 οῗνυπονοήτωζ·
1287 1323 1423 1360 ἑπανα-
1465 1353 1468 1356 .

224 1376 385 1414 στάντων
401 1382 477 1421 τοῖς
494 1379 682 1426 καιροῖς4).
709 1380 828 1424 Neque
845 1380 989 1415 verbum
1002 1381 1188 1415 inerescere
1200 1380 1301 1415 Livio
1315 1381 1423 1415 inusi-

226 1438 338 1472 tatum
357 1447 429 1472 esse
446 1438 609 1482 probatur
626 1438 721 1480 lociS,
738 1437 850 1472 velut:
875 1437 903 1480 I,
923 1437 978 1481 33,
999 1438 1019 1473 8
1038 1436 1165 1473 Career
1189 1437 1237 1473 ad
1261 1440 1424 1473 terrorem

225 1494 518 1528 increscentis
548 1494 719 1529 audaciae
742 1494 857 1528 media
882 1495 964 1529 urbe
990 1495 1176 1529 imminens
1199 1495 1275 1539 foro
1300 1494 1424 1538 aedifi-

226 1552 347 1593 catum
383 1550 430 1594 X,
459 1550 518 1588 14,
548 1550 589 1585 17
626 1561 685 1585 nec
718 1550 886 1585 sustinere
909 1551 1010 1595 frons
1031 1551 1157 1595 prima
1182 1553 1255 1585 tam
1282 1551 1423 1596 lonyum

343 1694 366 1730 ¹)
388 1694 499 1731 Itaque
518 1693 708 1723 introductus
729 1694 768 1722 -in
792 1697 932 1722 senatum
966 1693 1163 1731 (Attalus)...
1194 1693 1353 1723 Gallorum
1372 1694 1422 1723 de-

228 1740 403 1777 fectionem,
424 1750 501 1778 quae
520 1750 623 1778 nuper
643 1742 760 1779 ingenti
779 1744 860 1770 motu
879 1741 965 1777 facta
985 1744 1067 1779 erat,
1088 1742 1243 1779 exposuit5
1276 1741 1311 1770 cf.
1332 1741 1424 1770 etiam

227 1787 316 1822 XLV,
348 1790 392 1822 19,
413 1790 445 1816 3:
476 1788 673 1817 adduoeerant
703 1797 770 1817 eum
804 1788 837 1825 (i.
858 1797 881 1817 e.
902 1788 1050 1823 Attalum)
1071 1788 1150 1817 duae
1169 1788 1204 1816 in
1223 1788 1350 1825 speciem
1370 1789 1422 1817 ho-

226 1839 329 1865 nestae
348 1844 405 1872 reS,
425 1845 489 1865 una
506 1837 674 1874 qratulatio
693 1837 874 1866 conveniens
893 1837 927 1865 in
941 1845 977 1865 ea
996 1836 1128 1871 victoria,
1141 1845 1231 1874 quam
1250 1836 1315 1873 ipse
1333 1835 1423 1864 adiu-

227 1883 330 1918 visset,
361 1883 461 1912 altera
490 1883 681 1920 querimonia
705 1883 818 1913 Gallici
842 1878 990 1913 tumultus
1015 1886 1210 1920 acceptaeque
1236 1882 1343 1918 eladis,
1365 1891 1425 1920 qua

229 1939 358 1968 reynum
377 1931 411 1959 in
431 1930 557 1959 dubium
576 1930 741 1960 adductum
763 1934 844 1960 esset.

344 1992 366 2029 2)
387 1991 433 2020 Ne
452 1991 520 2029 quis
540 1992 671 2022 codicem
691 1991 851 2030 inspiciens
878 1992 1002 2027 obiciat,
1033 1994 1102 2021 ante
1129 1991 1277 2029 syllabam
1297 1991 1338 2021 ΙΤ
1360 2001 1426 2022 cont

230 2040 303 2078 spici
329 2040 491 2078 vestigium
523 2040 690 2076 litterulae,
722 2040 801 2078 quod
829 2049 924 2070 meam
944 2042 1059 2069 evertat
1077 2040 1276 2076 sententiam,
1296 2040 1427 2069 sufficiat

229 2088 410 2123 adfirmasse,
444 2087 519 2119 illud
548 2087 667 2116 litterae
691 2088 836 2117 indicium
864 2088 952 2117 verbo
980 2087 1170 2116 INCREUIT
1200 2088 1299 2116 minus
1325 2088 1426 2116 favens

231 2135 375 2173 perlucere
395 2143 428 2163 ex
447 2134 558 2171 pagina
578 2134 709 2163 eiusdem
728 2134 794 2164 folii
814 2136 902 2164 recta.

345 2197 366 2233 ³)
389 2196 435 2226 Cf.
467 2195 570 2234 Polyb.
602 2195 681 2225 Hist.
708 2196 753 2227 ed.
781 2196 814 2227 L.
842 2195 976 2226 Diudors.
1006 2195 1100 2232 XXX,
1123 2198 1166 2232 1⁷,
1189 2199 1224 2225 12
1245 2209 1281 2222 =
1301 2195 1370 2225 Exc.
1392 2196 1427 2226 de

231 2244 322 2281 legat.
344 2253 372 2281 p.
396 2246 555 2284 169—1'12.

348 2302 370 2338 ⁴)
391 2300 435 2332 cf.
457 2301 495 2330 ib.
516 2300 625 2332 XXIX.
648 2300 679 2330 6⁶
692 2313 728 2327 =
743 2300 810 2331 Exe.
832 2301 899 2330 Vat.
920 2309 947 2338 p.
970 2302 1122 2329 431—436
1142 2300 1180 2330 M.
1204 2302 1316 2330 75—77
1336 2301 1374 2329 H.
1391 2317 1426 2322 -

231 2348 275 2379 Cf.
297 2350 389 2379 etiam
409 2349 502 2387 XXX,
523 2352 549 2384 2,
571 2351 597 2380 8.
