1721 2727
277 665 377 719 Inter
393 683 559 728 pretiosos
576 682 711 717 codices
728 682 995 727 manuscriptos,
1020 683 1079 727 qui
1096 684 1131 718 in
1148 682 1360 718 bibliotheca
1373 685 1531 736 ffigfmffl·

165 741 325 777 Palatina
332 739 590 776 Vindobonensi
608 738 836 775 adservantur
849 738 965 782 multi,
983 740 1158 785 egregium
1168 739 1283 776 locum
1296 738 1359 775 ob·
1368 742 1472 794 εἴξῃ*

1513 720 1536 735 1⁸

1473 748 1530 764 EI}

1478 770 1539 799 Gry-

164 798 263 841 tinet,
278 798 338 844 qui
350 798 432 833 nota
445 796 630 841 insignitus
643 796 694 839 15,
708 795 792 832 olim
805 795 898 831 Hist.
907 796 1000 841 prof.
1016 797 1098 840 626,
1113 796 1202 832 Livii
1215 796 1259 833 ab
1274 797 1357 833 urbe
1419 806 1486 822 ”⁸⁶⁰-

166 855 305 891 condita
322 855 428 891 libros
444 852 669 889 XLI—XLV
694 853 858 889 continet.
883 854 1063 901 Perpauca
1086 855 1178 897 sunt,
1205 864 1291 899 quae
1316 853 1359 889 de

166 912 292 948 codicis
318 911 420 947 huius
445 911 529 946 fatis
555 912 725 946 constant.
766 911 871 956 Apud
901 910 1046 947 Petrum
1078 902 1360 957 Lambeccium1)

165 968 250 1004 haec
277 969 456 1014 leguntur:
496 966 564 1002 Est
596 969 712 1002 autem
745 966 805 1002 hoc
828 966 922 1003 illud
953 967 1070 1011 ipsum
1103 961 1363 1002 authenthieum

165 1025 364 1070 Eaeemplar
386 1029 526 1068 metum,
551 1035 592 1059 ex
617 1034 683 1069 quo
708 1023 831 1061 Simon
853 1023 1039 1069 Grynaeus
1063 1024 1135 1059 iam
1160 1025 1363 1059 memoratos

165 1083 318 1127 quinque
343 1081 445 1117 libros
468 1082 515 1116 A.
540 1082 630 1116 1531
654 1081 821 1116 Basileae
846 1082 938 1126 typis
964 1080 1198 1116 frobenianis
1222 1081 1363 1125 primus

165 1140 207 1175 iri
237 1139 345 1176 lucem
380 1138 489 1175 edidit
523 1150 602 1174 cum
643 1137 823 1174 Desiderii
841 1138 843 1143 '
859 1137 1008 1174 Erasmi
1045 1137 1363 1174 Rotterodamensis

165 1195 395 1241 Praefatione
423 1196 470 1231 ad
504 1196 671 1231 Car-olum
703 1196 929 1241 Montiojum.
980 1196 1056 1240 Qua
1086 1197 1123 1232 in
1146 1195 1361 1241 praefatione

165 1254 327 1290 docemur
344 1253 387 1289 ab
402 1253 556 1295 Erasmo,
571 1263 648 1288 eam
666 1252 853 1289 editionem
868 1263 987 1288 revera
1005 1263 1077 1288 esse
1094 1254 1247 1298 quinque
1261 1251 1362 1287 libris

165 1311 262 1346 modo
286 1311 431 1355 repertis
446 1313 602 1355 auctam,
631 1322 713 1355 quos
738 1310 822 1346 bono
845 1310 997 1355 quodam
1020 1310 1161 1356 inqenio
1186 1310 1227 1345 in
1244 1307 1362 1344 biblio-

164 1369 261 1403 theca
286 1368 488 1402 monasterii
512 1367 722 1403 Laurisseni
740 1370 802 1403 aut
820 1370 859 1403 ul
881 1368 982 1413 vulqo
999 1366 1192 1410 Lersensis,
1210 1366 1363 1411 repperit

165 1424 289 1461 Simon
314 1424 499 1470 Grynaeus
510 1425 554 1471 2),
585 1426 640 1461 vir
670 1428 709 1461 ut
740 1426 778 1460 in
802 1425 898 1460 omui
919 1414 1042 1470 yenere
1067 1421 1251 1460 literarum
1275 1423 1364 1459 citra

164 1482 392 1526 supercilium
432 1483 599 1526 eruditus,
644 1483 693 1518 ita
724 1482 954 1527 provehendis
995 1482 1197 1518 liberalibus
1236 1480 1365 1517 studiis

165 1541 292 1574 natus„
315 1534 409 1584 Quae
434 1550 514 1585 vero
540 1540 668 1576 fuerint
685 1541 812 1576 codicis
830 1540 914 1583 fata,
934 1541 1118 1586 antequam
1135 1538 1364 1575 Laurisheimi

166 1595 320 1641 repertus
335 1597 397 1639 est,
406 1608 446 1632 ex
458 1596 616 1643 pluribus
630 1598 767 1633 indiciis
781 1598 899 1642 inipso
911 1598 1026 1633 codice
1040 1597 1272 1638 observandis,
1280 1595 1363 1631 sub-

164 1653 354 1698 scriptione
379 1654 506 1689 codicis
533 1654 614 1689 folio
636 1655 787 1690 extremo
804 1655 952 1700 adpicta,
979 1655 1244 1700 quaternionum
1261 1653 1362 1696 notis,

166 1710 320 1745 numeris
345 1710 548 1755 quibusdam
574 1710 767 1757 litterisque
792 1712 830 1747 in
855 1713 1030 1748 nonnullis
1055 1712 1146 1748 foliis
1169 1710 1362 1756 adscriptis,

156 1765 343 1802 vocabulis
370 1767 514 1813 denique
541 1768 827 1804 vocabulorumve
851 1768 1008 1814 partibus
1032 1769 1069 1804 in
1095 1769 1257 1804 foliorum
1283 1776 1362 1802 con-

165 1824 247 1860 finio
284 1825 441 1870 repetitis
482 1824 631 1872 perspici
673 1826 765 1862 licet.
828 1827 943 1873 Atque
975 1826 1179 1872 subscriptio
1222 1824 1362 1861 maximi

166 1882 333 1917 momenti
347 1883 400 1917 est
409 1882 452 1918 ad
461 1883 586 1919 codicis
599 1884 766 1930 originem
774 1885 953 1929 primaque
967 1884 1039 1919 eius
1048 1884 1121 1920 fata
1135 1881 1361 1923 enucleanda3

167 1939 430 1985 quaternionum
449 1942 549 1976 notae
563 1941 754 1987 plurimum
770 1941 887 1977 valent
911 1943 953 1977 ad
977 1942 1136 1977 accurate
1154 1940 1363 1977 definiendas

167 1999 250 2041 quot
268 2006 422 2041 quaeque
442 1997 680 2033 interciderint
697 1995 822 2034 codicis
841 2001 975 2044 partes3
1003 1999 1139 2034 numeri
1164 2000 1201 2034 et
1225 1998 1364 2033 litterae

166 2054 294 2089 mirum
319 2055 483 2099 quantum
510 2056 550 2090 ut
580 2055 843 2101 intellegamus,
875 2056 1044 2102 quomodo
1070 2055 1203 2092 factum
1229 2055 1294 2098 sit,
1325 2055 1365 2089 ut

284 2170 303 2206 ¹)
324 2168 370 2200 Cf.
396 2169 684 2199 Commentariorum
704 2169 741 2199 de
754 2170 981 2208 Auyustissima
1001 2170 1192 2200 Bibliotheca
1215 2169 1365 2199 Caesarea

171 2217 397 2247 Vindoboneusi
416 2217 486 2246 Lib.
507 2217 558 2254 II,
579 2226 607 2254 p.
629 2220 694 2247 943.

232 2283 235 2288 =
284 2265 307 2303 ²)
330 2265 417 2294 Anno
438 2266 527 2300 1527,
547 2264 579 2294 id
599 2265 676 2302 quod
698 2266 816 2295 constat
836 2275 870 2295 ex
888 2266 1018 2303 epistula
1038 2265 1168 2304 Grynaei
1188 2266 1227 2295 ad
1245 2265 1363 2302 Philip-

166 2322 238 2351 pum
256 2312 519 2343 Melanchthonem
539 2321 556 2342 a
575 2312 616 2343 M.
634 2312 766 2352 Hauptio
787 2314 819 2343 in
839 2313 903 2344 Ind.
926 2314 1018 2343 schol.
1040 2313 1170 2344 Berolin.
1192 2315 1363 2343 1856—57

166 2361 256 2392 edita.

1233 2411 1249 2439 1
