1721 2727
726 170 962 211 —91-.'

252 301 295 305 -
315 281 458 315 Prorsus
485 282 602 316 eadem
629 282 832 326 argumenta
857 279 985 315 Rhodii
1009 280 1073 315 hoc
1099 280 1171 315 loco
1197 280 1357 325 (XLHH,
1386 280 1440 322 14,

250 335 309 382 10)
335 336 464 372 Romae
489 336 658 380 adferunt,
675 336 800 381 quibus
827 335 909 371 belli
934 336 1151 371 incommoda
1168 346 1203 371 se
1221 336 1348 370 sentire
1364 346 1442 380 pro-

245 393 348 428 bent:
376 392 532 428 Tertium
547 403 582 427 se
598 404 736 428 annum
752 392 865 427 multa
881 393 957 428 eius
972 393 1189 428 incommoda
1213 392 1293 427 belli
1317 392 1446 426 sentire

247 449 341 484 mari
376 449 556 485 interim
584 449 776 493 incluso‚·
812 448 1027 483 incultam
1053 449 1250 483 insulam
1276 449 1442 491 inopem

246 517 335 542 esse
351 507 444 542 nisi
469 506 902 541 maritimisiuvetnr
910 532 1012 542 .....
1037 517 1112 550 que
1128 504 1441 542 commeatibus,

247 564 400 609 Utroque
437 564 510 599 loco
547 563 589 598 de
622 564 868 598 commeatibus
902 564 1088 598 necessario
1121 564 1258 598 aliunde
1284 562 1443 607 petendis

247 621 379 666 agitur,
406 620 442 655 id
467 630 576 655 unum
600 620 637 655 in
662 620 848 665 posteriore
867 620 1112 662 desideramus,
1140 620 1213 655 fieri
1231 619 1440 655 mentionem

247 687 365 713 earum
390 677 560 722 gentium,
587 687 672 722 quae
697 678 779 712 tunc
806 676 972 721 temporis
989 676 1134 712 Rhodiis
1159 679 1255 712 erant
1281 675 1441 716 subiecti,

248 735 338 769 unde
376 736 589 769 commeatus
622 744 679 769 eos
715 734 854 778 petiisse
885 735 973 770 alter
1005 734 1099 769 locus
1132 734 1215 769 satis
1242 731 1389 769 ostendit
1404 732 1441 776 ¹).

247 792 362 836 Atque
399 790 552 835 profecto
593 790 782 825 maximum
830 800 896 835 quo
940 790 1028 825 mari
1069 790 1211 825 interim
1255 789 1442 824 intercluso

247 848 371 883 Rhodii
398 846 649 883 adficiebantur
674 848 841 883 damnum
864 847 952 883 illud
978 850 1062 890 erat,
1088 849 1176 891 quod
1201 847 1385 892 imperium
1404 846 1442 880 in

246 904 389 949 populos
416 904 499 948 ipsis
524 904 684 939 subactos
718 914 871 939 exercere
905 904 960 939 vix
994 907 1168 948 poterant;
1212 903 1438 948 improbabile

245 960 354 1007 igitur
379 962 431 996 est
457 960 529 995 eius
555 960 605 995 rei
637 961 769 1008 legatos
802 972 844 996 ne
875 962 978 996 verbo
1004 961 1142 1005 quidem
1167 961 1296 995 Romae
1321 959 1441 994 fecisse

245 1018 464 1053 mentionem.
526 1017 698 1054 Orationis
739 1028 883 1053 conexus
920 1018 1031 1063 igitur
1072 1020 1111 1053 ut
1153 1028 1272 1053 vocem
1312 1017 1442 1053 insera-

245 1085 321 1110 mus
339 1074 486 1121 flagitat,
505 1084 591 1119 quae
608 1075 699 1110 idem
718 1074 789 1109 fere
806 1074 977 1119 significet
995 1075 1084 1119 quod
1101 1075 1400 1119 stipendiaria·
1407 1085 1441 1109 s—

244 1143 335 1175 que,
373 1142 582 1177 quamquam
613 1132 696 1167 haec
721 1141 785 1167 vox
823 1132 886 1167 sub
925 1131 1301 1175 COLENDIITAQUE
1332 1131 1441 1166 latere

245 1188 375 1232 nequit.
437 1188 629 1232 Proponam
679 1188 787 1234 igitur
836 1188 1094 1224 coniecturam:
1149 1188 1442 1223 contributis·

244 1256 330 1289 que.
384 1243 579 1280 Contributi
617 1245 709 1280 enim
734 1244 876 1280 Rhodiis
903 1244 999 1291 Lycii
1024 1246 1059 1280 et
1091 1243 1191 1280 Cares
1218 1245 1335 1280 eodem
1366 1244 1442 1279 iure

246 1302 416 1347 appellari
452 1303 629 1346 poterant,
673 1312 738 1346 quo
776 1302 866 1346 apud
905 1301 1063 1338 Curtium
1107 1302 1153 1347 (5,
1186 1302 1218 1344 3,
1256 1302 1312 1347 16)
1351 1301 1443 1347 legi-

243 1368 338 1393 mus:
373 1357 537 1393 Uxiorum
555 1361 687 1403 qentem
712 1359 888 1393 subactam
913 1359 1147 1395 Susianorum
1172 1362 1337 1402 satrapae
1362 1370 1442 1393 con-

243 1527 298 1548 vox
328 1519 358 1548 in
389 1520 547 1557 archetypo
577 1520 685 1557 scripta
720 1522 784 1549 erat
817 1519 980 1549 INCTAM.
1027 1519 1180 1550 Librarius
1213 1522 1235 1551 C
1270 1529 1321 1558 pro
1354 1520 1377 1550 O
1411 1526 1442 1549 et

247 1566 270 1595 Τ
291 1575 342 1604 uo
359 1566 378 1612 ,Ι
398 1567 499 1605 legens
520 1568 568 1602 (cf.
590 1569 692 1596 contra
711 1567 732 1596 f.
755 1571 822 1597 153v
841 1568 859 1597 1.
883 1570 948 1601 183-
964 1567 1054 1604 XLV,
1075 1571 1102 1605 9,
1125 1572 1142 1598 2
1173 1568 1225 1597 ubi
1255 1577 1287 1597 ex
1316 1567 1441 1597 ASIAM

243 1613 315 1643 fecit
346 1614 489 1651 ASTAM)
510 1623 562 1652 pro
583 1614 757 1644 INC¹¹¹TAM
778 1615 897 1653 scripsit
924 1615 1093 1647 INO'IAM.
1131 1616 1321 1645 Incullam
1341 1617 1439 1644 autem

243 1661 429 1690 Rhodiorum
460 1662 588 1691 insulam
622 1662 680 1691 dici
711 1663 857 1699 potuisse,
899 1663 1007 1700 quippe
1040 1672 1115 1700 quae
1141 1663 1251 1692 sterilis
1280 1664 1345 1700 agri
1376 1666 1440 1692 erat

243 1717 330 1737 nemo
363 1709 422 1738 non
453 1710 609 1746 concedet,
644 1711 815 1746 praesertim
848 1719 913 1739 cum
947 1711 1037 1739 etiam
1071 1710 1144 1739 alibi
1176 1719 1209 1739 ea
1238 1719 1305 1739 voce
1338 1710 1441 1739 Livius

243 1757 362 1790 utatur;
394 1756 430 1785 ef.
460 1756 501 1791 ΙΙ,
537 1759 582 1791 34,
607 1760 731 1786 1—2...
758 1757 845 1786 aliud
874 1758 967 1787 multo
996 1758 1121 1795 yram'us
1149 1758 1263 1786 malum
1292 1758 1441 1786 civitatem

243 1802 372 1839 invasit,
404 1804 516 1832 caritas
545 1804 681 1840 primum
714 1813 856 1833 annonae
889 1813 929 1833 ex
958 1805 1124 1834 incultis
1159 1813 1218 1841 per
1250 1803 1440 1834 secessionem

236 1850 339 1887 plebis
371 1860 390 1879 a
397 1851 575 1888 yris....;
607 1851 640 1884 V,
665 1855 709 1888 10,
731 1854 748 1880 9
773 1856 860 1881 ..ut
887 1862 954 1882 cum
974 1853 1107 1888 confecta
1128 1852 1236 1888 labore,
1258 1852 1444 1886 vulneribus,

238 1900 392 1935 postremo
412 1901 510 1927 aetate
532 1907 661 1935 corpora
680 1899 852 1928 rettulerint
871 1900 1099 1936 incultaque
1114 1899 1237 1928 omnia
1251 1898 1373 1927 diutino
1387 1898 1439 1927 do-

240 1946 393 1975 minorum
416 1945 568 1975 desiderio
589 1945 671 1976 domi
690 1947 873 1984 invenerint,
894 1947 1039 1977 tributum
1060 1955 1097 1976 ex
1110 1946 1234 1982 adfecta
1244 1955 1276 1975 re
1289 1945 1446 1982 familiari

238 1993 392 2031 pendant.
407 2016 413 2022 .
427 2017 433 2022 .

362 2066 379 2101 ¹)
401 2065 445 2093 Cf.
466 2069 529 2094 Καὶ
552 2069 761 2104 προςθέμενος
781 2068 919 2105 ἐξηγεῖτο
939 2067 990 2099 uis·
1010 2064 1200 2103 ἐλαττώσεις,
1226 2067 1445 2105 κεᾳαλαιωδῶς

241 2109 374 2147 διεξιών,
406 2113 528 2149 πρῶτον
547 2114 607 2150 μὲν
632 2112 679 2141 ὅτι
707 2116 831 2142 Λυκίαν
861 2116 912 2142 καὶ
937 2117 1058 2153 Καρίαν
1078 2114 1319 2148 ἀπολωλέκασιν,
1341 2115 1384 2143 εἰς
1406 2111 1443 2147 ἣν

241 2161 369 2200 ἐξαρχῆς
392 2161 452 2199 μὲν
478 2159 678 2198 ἔδαπάνησαν
697 2160 869 2202 χρημάτων
888 2161 994 2191 ἱκανὸν
1015 2162 1150 2198 πλῆθος,
1180 2160 1327 2202 τριποσὲς
1348 2163 1439 2190 πολέ-

239 2218 319 2246 μους
351 2208 597 2246 ἀναγκασθέντες
623 2212 775 2248 πολεμεῖν
807 2210 919 2247 αὐτοῖς,
953 2213 1022 2239 νυνὶ
1048 2211 1082 2239 δὲ
1117 2209 1318 2249 προσόδων
1345 2211 1441 2239 ἐστέ-

242 2265 375 2294 ρηνται
401 2257 550 2285 πολλῶν
580 2251 627 2285 ὧν
654 2256 871 2296 ἐλάμβανον
903 2257 1002 2295 παρὰ
1034 2259 1106 2287 τῶν
1140 2259 1440 2297 προειρημένων,

239 2301 355 2340 (Polyb.
376 2303 419 2333 ed.
440 2303 528 2332 Dind.
550 2304 677 2341 XXXI,]
691 2308 717 2341 7,
738 2309 756 2334 4
777 2318 812 2331 =
834 2305 899 2335 Exc.
915 2305 949 2334 de
975 2304 1066 2342 legat.
1088 2314 1114 2343 p.
1133 2306 1288 2340 173-179,
1309 2307 1337 2340 6,
1358 2307 1411 2332 7—
1424 2307 1442 2332 8

237 2357 265 2385 p.
288 2351 366 2387 178).
