1721 2727
134 1124 307 1151 XL1111‚14,10.

803 169 1037 204 -53-

319 271 437 306 ultimi
456 272 628 307 enuntiati
646 272 778 307 mutavi
797 272 896 317 signa
914 272 1166 315 distinctionis3
1192 284 1273 309 nam
1298 285 1417 310 revera
1442 274 1518 318 plus
1553 267 1555 269 ¹

316 328 573 371 probabilitatis
595 328 711 369 habet,
730 328 906 372 equitibus
932 329 1046 372 potius
1072 339 1176 373 quam
1202 330 1297 373 equis
1322 340 1421 365 crura
1446 340 1518 365 esse

317 386 466 423 succisa.
507 396 585 420 oum
622 385 718 429 equis
754 386 864 420 multo
891 385 1030 437 facilius
1063 385 1130 420 ilia
1165 386 1428 430 suffoderentur.
1479 387 1518 422 In

317 445 350 485 ξ.
387 443 540 486 proxima
576 445 609 476 et
647 442 811 476 Hertzius
845 444 888 476 et‘
906 442 1102 487 Madvigius
1131 443 1267 487 legunt:
1304 443 1452 477 Perseus
1480 444 1519 476 «in

319 498 469 533 mediam
487 498 640 533 invectus
657 497 766 533 aciem
784 497 931 533 Graecos
942 498 1062 542 primo
1079 498 1209 542 impetu
1226 499 1374 544 avertit5
1398 500 1521 544 quibus

317 568 393 592 cum
417 555 538 600 pravis
562 555 605 590 ab
630 557 722 600 terqo
746 556 907 598 instaret,
933 555 1052 591 hostis.
1071 585 1076 590 .
1095 585 1125 591 ..
1157 556 1279 591 lacuna
1304 557 1434 601 aliquot
1459 558 1520 592 lit-

317 616 471 648 terarum
496 614 575 657 post
601 613 725 656 quibus
750 615 879 647 notata.
920 613 1030 656 Quam
1057 613 1238 648 lectionem
1264 613 1292 647 si
1319 613 1519 657 probaveri-

318 680 407 712 mus,
442 669 566 713 quibus
598 669 809 715 iungendum
836 672 900 705 erit
935 680 1013 705 oum
1039 670 1142 706 verbo
1168 671 1325 705 instaret.
1377 670 1443 705 Sed
1468 681 1521 705 res

319 726 422 761 aliter
453 737 488 760 se
520 727 634 762 habet.
683 728 765 762 Post
790 727 914 770 quibus
941 728 1033 762 enim
1059 728 1317 771 conspiciuntur
1343 729 1378 762 in
1404 727 1519 762 codice

321 783 487 828 reliquiae
512 783 710 818 litterarum
742 782 896 830 (1..IS),
936 794 1023 828 quae
1049 793 1167 819 vocem
1192 783 1357 819 detritam
1382 775 1521 819 subesse

319 840 450 875 FUSIS
482 840 671 875 verisimile
708 841 867 875 reddunt.
910 841 954 875 Et
980 840 1133 884 profecto
1159 841 1287 875 inserta
1311 841 1375 876 hae
1401 841 1520 876 vocula

320 897 500 941 aptissime
526 897 676 931 decurrit:
701 897 827 931 oratio:
866 897 990 939 quibus
1013 897 1105 940 fusis
1129 907 1207 931 cum
1230 897 1350 942 yravis
1375 897 1522 932 instaret

319 954 427 989 hostis
453 954 491 999 (i.
510 965 537 989 e.
565 954 630 989 toti
656 954 845 997 exercitui),
876 953 1121 988 Thessalorum
1147 954 1383 997 equitatus...
1416 954 1521 989 incli-

321 1013 409 1045 nata
436 1022 471 1044 re
495 1011 649 1044 maximo
674 1010 755 1044 usui
778 1010 858 1054 fuit.

436 1115 479 1149 In
505 1114 580 1150 folii
606 1113 732 1149 codicis
760 1114 840 1149 115¹
870 1114 891 1150 l.
918 1114 963 1149 28
989 1125 1061 1159 sqq.
1089 1113 1235 1160 legitur:

520 1172 566 1207 28
593 1170 1359 1207 TERIMINCLUSOINOPIAMINSULAM

519 1230 565 1263 29
592 1227 1424 1273 INOPEMMISSzjfssssssssRITIMISIUUET[R

319 1285 377 1320 fol.
397 1287 479 1321 115ν
505 1286 527 1321 l.
546 1287 574 1320 1.
592 1283 1408 1328 COLENDIITAQUECOMMEATIBUSCUM

435 1344 489 1379 lta
506 1344 563 1378 hie
582 1353 700 1379 versus
718 1343 881 1385 (XLIIII,
903 1343 956 1385 14,
979 1343 1035 1385 10)
1052 1342 1139 1377 satis
1159 1343 1332 1388 perspicue
1351 1344 1386 1378 in
1405 1342 1522 1378 codice

321 1400 463 1446 legitur.
513 1399 599 1435 Cum
637 1400 745 1444 igitur
775 1399 963 1434 habeamus
996 1399 1166 1434 enuntiati
1201 1399 1343 1434 verbum
1377 1400 1521 1442 iuvetur,

316 1457 420 1493 facile
462 1457 696 1502 intellegitur,
740 1458 906 1501 quotquot
948 1456 1060 1491 adhuc
1102 1456 1278 1492 adhibitae
1319 1460 1401 1493 sunt
1440 1457 1521 1492 huic

317 1515 431 1550 versui
464 1515 632 1549 medellae
670 1524 741 1548 esse
779 1514 977 1548 reiciendas.
1029 1513 1141 1557 Quare
1179 1525 1288 1559 neque
1330 1525 1408 1550 cum
1446 1515 1519 1550 edi-

318 1572 411 1606 tione
453 1571 670 1606 Frobeniana
711 1570 822 1616 priore
865 1571 1051 1616 legendum
1093 1573 1160 1605 est:
1200 1571 1295 1605 mari
1335 1571 1530 1606 intercluso·

321 1629 442 1672 iuopia
468 1628 624 1662 insulam
644 1628 759 1671 premi
784 1627 927 1661 amissis
952 1628 1145 1662 maritimis
1177 1628 1396 1672 vectiyalibus
1421 1631 1522 1672 atque

318 1685 560 1719 commeatibus
572 1712 581 1727 ,
608 1695 716 1729 neque
731 1695 809 1719 cum
825 1684 983 1719 Hertzio:
1014 1683 1152 1727 inopem
1170 1684 1327 1719 insulam
1345 1685 1519 1731 mess[ium

319 1742 527 1787 mcdritimis
565 1742 681 1775 iuvari
722 1741 933 1775 commerciis
970 1743 1072 1783 atque
1111 1742 1371 1783 commeatibus,
1410 1753 1519 1786 neque

318 1810 396 1834 cum
428 1798 606 1843 Madvigio
645 1799 778 1833 edente:
817 1798 955 1840 inopem
989 1796 1149 1831 insulam
1180 1808 1248 1832 esse
1273 1808 1392 1843 suam;
1423 1809 1521 1833 mar-

321 1856 432 1891 itimis
469 1855 579 1890 vivere
616 1854 800 1890 incolentes
848 1854 1101 1890 commeatibus.
1164 1857 1286 1899 Itaque
1329 1866 1439 1891 cum.
1468 1883 1475 1890 .
1507 1883 1515 1890 .

318 1914 410 1949 Nam
436 1914 579 1948 verbum
607 1913 743 1947 iuvetur
766 1911 960 1946 necessario
992 1911 1167 1957 efflagitat
1204 1912 1411 1956 particulam
1437 1912 1521 1954 nisi,

319 1979 422 2014 quam
448 1979 518 2004 una
543 1979 623 2004 cum
649 1969 752 2003 verbo
783 1977 852 2002 esse
882 1967 945 2002 sub
980 1967 1174 2012 corruptela
1205 1967 1275 2003 ista
1300 1968 1409 2004 latere
1434 1968 1522 2003 mihi

319 2027 458 2072 quidem
475 2037 541 2062 non
559 2025 788 2070 improbabile
814 2025 961 2060 videtur.
996 2025 1123 2070 Legam
1148 2025 1276 2071 igitur:
1304 2025 1522 2069 Incultam1)

319 2083 477 2119 insulam
490 2084 626 2127 inopem
641 2093 720 2124 esse,
730 2082 804 2116 nisi
821 2082 1014 2116 maritimis
1027 2081 1180 2116 iuvetur.
1197 2109 1203 2116 .
1219 2109 1228 2117 .
1245 2110 1251 2117 .
1273 2082 1521 2117 commeatibus.

319 2141 385 2178 Sed
403 2140 568 2186 quidnam
588 2140 654 2176 sibi
673 2139 749 2175 vult
766 2138 896 2174 mirum
915 2138 1002 2174 illud
1019 2137 1273 2183 colendiitaque
1285 2139 1304 2174 .?
1322 2160 1366 2164 —
1385 2139 1521 2182 Errant,

318 2200 377 2243 qui
404 2200 523 2242 itaque
547 2208 586 2231 ex
611 2199 713 2239 atque
739 2197 967 2240 depravatum
993 2206 1065 2230 esse
1090 2197 1231 2241 putant3
1259 2207 1339 2230 nam
1365 2196 1439 2231 toto
1466 2206 1521 2231 oo-

319 2256 394 2291 dice
426 2264 599 2300 nusquam
632 2256 748 2298 atque,
791 2253 852 2288 sed
890 2251 1002 2297 adque
1032 2252 1175 2299 legitur,
1209 2253 1238 2288 si
1270 2252 1418 2298 excipias
1452 2254 1523 2288 tres

319 2314 421 2354 locos,
448 2323 597 2357 quorum
622 2312 688 2346 duo
714 2310 938 2345 inveniuntur
964 2310 1000 2343 in
1025 2311 1048 2344 l.
1067 2309 1159 2353 XLI,
1186 2320 1214 2344 o.
1235 2310 1291 2351 28,
1318 2310 1377 2344 ubi
1403 2310 1522 2345 Livius

442 2403 459 2438 ¹)
481 2401 580 2430 Huius
601 2399 818 2429 emendationis
840 2397 1083 2436 probabilitatem
1105 2398 1183 2426 infra
1206 2397 1328 2434 probare
1348 2398 1485 2429 conabor.
