<?xml version="1.0" encoding="UTF-8"?>
<!DOCTYPE html PUBLIC "-//W3C//DTD XHTML 1.0 Transitional//EN"
    "http://www.w3.org/TR/xhtml1/DTD/xhtml1-transitional.dtd">
<html xmlns="http://www.w3.org/1999/xhtml" xml:lang="en" lang="en">
 <head>
  <title>
</title>
<meta http-equiv="Content-Type" content="text/html;charset=utf-8" />
  <meta name='ocr-system' content='tesseract 3.04.00' />
  <meta name='ocr-capabilities' content='ocr_page ocr_carea ocr_par ocr_line ocrx_word'/>
</head>
<body>
  <div class='ocr_page' id='page_1' title='image "4771788_0036.png"; bbox 0 0 1721 2727; ppageno 0'>
   <div class='ocr_carea' id='block_1_1' title="bbox 789 157 1023 194">
    <p class='ocr_par' dir='ltr' id='par_1_1' title="bbox 789 157 1023 194">
     <span class='ocr_line' id='line_1_1' title="bbox 789 157 1023 194; baseline -0.009 -9"><span class='ocrx_word' id='word_1_1' title='bbox 789 157 1023 194; x_wconf 67' lang='lat'>-20-</span> 
     </span>
    </p>
   </div>
   <div class='ocr_carea' id='block_1_2' title="bbox 239 260 1510 306">
    <p class='ocr_par' dir='ltr' id='par_1_2' title="bbox 239 260 1510 306">
     <span class='ocr_line' id='line_1_2' title="bbox 239 260 1510 306; baseline 0.004 -13"><span class='ocrx_word' id='word_1_2' title='bbox 239 264 244 268; x_wconf 85' lang='lat'>·</span> <span class='ocrx_word' id='word_1_3' title='bbox 301 261 503 304; x_wconf 88' lang='lat' dir='ltr'>moreretur,</span> <span class='ocrx_word' id='word_1_4' title='bbox 540 270 620 295; x_wconf 89' lang='lat' dir='ltr'>cum</span> <span class='ocrx_word' id='word_1_5' title='bbox 652 260 759 296; x_wconf 87' lang='lat' dir='ltr'>libros</span> <span class='ocrx_word' id='word_1_6' title='bbox 792 260 969 306; x_wconf 86' lang='lat' dir='ltr'>discipulis</span> <span class='ocrx_word' id='word_1_7' title='bbox 1001 261 1072 297; x_wconf 87' lang='lat' dir='ltr'>suis</span> <span class='ocrx_word' id='word_1_8' title='bbox 1103 261 1345 305; x_wconf 76' lang='lat' dir='ltr'>distribueret,</span> <span class='ocrx_word' id='word_1_9' title='bbox 1385 263 1421 298; x_wconf 88' lang='lat' dir='ltr'>in</span> <span class='ocrx_word' id='word_1_10' title='bbox 1452 262 1510 298; x_wconf 83' lang='lat' dir='ltr'>his</span> 
     </span>
    </p>
   </div>
   <div class='ocr_carea' id='block_1_3' title="bbox 118 1118 296 1227">
    <p class='ocr_par' dir='ltr' id='par_1_3' title="bbox 134 1118 295 1174">
     <span class='ocr_line' id='line_1_3' title="bbox 134 1118 295 1142; baseline 0 -2"><span class='ocrx_word' id='word_1_11' title='bbox 134 1118 224 1142; x_wconf 67' lang='lat' dir='ltr'>&#39;rhem</span> <span class='ocrx_word' id='word_1_12' title='bbox 228 1119 295 1141; x_wconf 76' lang='lat' dir='ltr'>extus</span> 
     </span>
     <span class='ocr_line' id='line_1_4' title="bbox 145 1147 266 1174; baseline -0.008 -4"><span class='ocrx_word' id='word_1_13' title='bbox 145 1147 207 1170; x_wconf 80' lang='lat' dir='ltr'>idem</span> <span class='ocrx_word' id='word_1_14' title='bbox 224 1147 266 1174; x_wconf 86' lang='lat' dir='ltr'>qui</span> 
     </span>
    </p>

    <p class='ocr_par' dir='ltr' id='par_1_4' title="bbox 133 1175 295 1202">
     <span class='ocr_line' id='line_1_5' title="bbox 133 1175 295 1202; baseline -0.006 -4"><span class='ocrx_word' id='word_1_15' title='bbox 133 1175 295 1202; x_wconf 77' lang='lat' dir='ltr'>Theodardus,</span> 
     </span>
    </p>

    <p class='ocr_par' dir='ltr' id='par_1_5' title="bbox 118 1204 296 1227">
     <span class='ocr_line' id='line_1_6' title="bbox 118 1204 296 1227; baseline 0 0"><span class='ocrx_word' id='word_1_16' title='bbox 118 1204 235 1227; x_wconf 71' lang='lat' dir='ltr'>b.A1brici</span> <span class='ocrx_word' id='word_1_17' title='bbox 242 1211 296 1227; x_wconf 84' lang='lat' dir='ltr'>suc-</span> 
     </span>
    </p>
   </div>
   <div class='ocr_carea' id='block_1_4' title="bbox 165 1239 253 1256">
    <p class='ocr_par' dir='ltr' id='par_1_6' title="bbox 165 1239 253 1256">
     <span class='ocr_line' id='line_1_7' title="bbox 165 1239 253 1256; baseline 0 -1"><span class='ocrx_word' id='word_1_18' title='bbox 165 1239 253 1256; x_wconf 71' lang='lat' dir='ltr'>cessor.</span> 
     </span>
    </p>
   </div>
   <div class='ocr_carea' id='block_1_5' title="bbox 298 316 1541 1964">
    <p class='ocr_par' dir='ltr' id='par_1_7' title="bbox 298 316 1541 1964">
     <span class='ocr_line' id='line_1_8' title="bbox 302 316 1504 366; baseline 0.003 -14"><span class='ocrx_word' id='word_1_19' title='bbox 302 316 467 363; x_wconf 88' lang='lat' dir='ltr'>Liutgero</span> <span class='ocrx_word' id='word_1_20' title='bbox 493 317 638 354; x_wconf 88' lang='lat' dir='ltr'>donasse</span> <span class='ocrx_word' id='word_1_21' title='bbox 663 318 796 353; x_wconf 90' lang='lat' dir='ltr'>librum</span> <span class='ocrx_word' id='word_1_22' title='bbox 830 329 856 353; x_wconf 89' lang='lat' dir='ltr'>s.</span> <span class='ocrx_word' id='word_1_23' title='bbox 883 319 1090 364; x_wconf 81' lang='lat' dir='ltr'>Augustini,</span> <span class='ocrx_word' id='word_1_24' title='bbox 1125 319 1349 356; x_wconf 86' lang='lat' dir='ltr'>Enchiridion</span> <span class='ocrx_word' id='word_1_25' title='bbox 1388 320 1504 366; x_wconf 86' lang='lat' dir='ltr'>adpel-</span> 
     </span>
     <span class='ocr_line' id='line_1_9' title="bbox 298 371 1505 421; baseline 0.005 -14"><span class='ocrx_word' id='word_1_26' title='bbox 298 371 456 419; x_wconf 77' lang='lat' dir='ltr'>latum1).</span> <span class='ocrx_word' id='word_1_27' title='bbox 484 371 590 408; x_wconf 87' lang='lat' dir='ltr'>Cuius</span> <span class='ocrx_word' id='word_1_28' title='bbox 608 372 651 408; x_wconf 88' lang='lat' dir='ltr'>ad</span> <span class='ocrx_word' id='word_1_29' title='bbox 670 373 863 418; x_wconf 82' lang='lat' dir='ltr'>exemplum</span> <span class='ocrx_word' id='word_1_30' title='bbox 882 383 995 409; x_wconf 87' lang='lat' dir='ltr'>nonne</span> <span class='ocrx_word' id='word_1_31' title='bbox 1013 373 1181 409; x_wconf 87' lang='lat' dir='ltr'>maiorem</span> <span class='ocrx_word' id='word_1_32' title='bbox 1198 374 1302 410; x_wconf 85' lang='lat' dir='ltr'>habet</span> <span class='ocrx_word' id='word_1_33' title='bbox 1319 377 1505 421; x_wconf 89' lang='lat' dir='ltr'>probabili-</span> 
     </span>
     <span class='ocr_line' id='line_1_10' title="bbox 299 429 1511 476; baseline 0.004 -11"><span class='ocrx_word' id='word_1_34' title='bbox 299 429 422 473; x_wconf 85' lang='lat' dir='ltr'>tatem,</span> <span class='ocrx_word' id='word_1_35' title='bbox 441 430 593 465; x_wconf 81' lang='lat' dir='ltr'>codicem</span> <span class='ocrx_word' id='word_1_36' title='bbox 611 429 794 466; x_wconf 84' lang='lat' dir='ltr'>Livianum</span> <span class='ocrx_word' id='word_1_37' title='bbox 813 440 834 466; x_wconf 85' lang='lat' dir='ltr'>a</span> <span class='ocrx_word' id='word_1_38' title='bbox 851 430 1061 466; x_wconf 85' lang='lat' dir='ltr'>Theatberto</span> <span class='ocrx_word' id='word_1_39' title='bbox 1079 431 1152 476; x_wconf 82' lang='lat' dir='ltr'>ipso</span> <span class='ocrx_word' id='word_1_40' title='bbox 1169 434 1249 467; x_wconf 85' lang='lat' dir='ltr'>ante</span> <span class='ocrx_word' id='word_1_41' title='bbox 1267 436 1416 469; x_wconf 88' lang='lat' dir='ltr'>mortem</span> <span class='ocrx_word' id='word_1_42' title='bbox 1434 436 1511 471; x_wconf 89' lang='lat' dir='ltr'>tra--</span> 
     </span>
     <span class='ocr_line' id='line_1_11' title="bbox 301 487 1505 534; baseline 0.003 -12"><span class='ocrx_word' id='word_1_43' title='bbox 301 487 415 522; x_wconf 90' lang='lat' dir='ltr'>ditum</span> <span class='ocrx_word' id='word_1_44' title='bbox 429 498 503 522; x_wconf 85' lang='lat' dir='ltr'>esse</span> <span class='ocrx_word' id='word_1_45' title='bbox 517 488 752 523; x_wconf 82' lang='lat' dir='ltr'>monasterio?</span> <span class='ocrx_word' id='word_1_46' title='bbox 770 487 834 523; x_wconf 89' lang='lat' dir='ltr'>Cui</span> <span class='ocrx_word' id='word_1_47' title='bbox 850 487 1042 524; x_wconf 88' lang='lat' dir='ltr'>sententiae</span> <span class='ocrx_word' id='word_1_48' title='bbox 1057 489 1087 523; x_wconf 90' lang='lat' dir='ltr'>si</span> <span class='ocrx_word' id='word_1_49' title='bbox 1101 488 1366 534; x_wconf 78' lang='lat' dir='ltr'>adstipulamur,</span> <span class='ocrx_word' id='word_1_50' title='bbox 1377 491 1505 526; x_wconf 90' lang='lat' dir='ltr'>librum</span> 
     </span>
     <span class='ocr_line' id='line_1_12' title="bbox 302 543 1505 590; baseline 0.004 -11"><span class='ocrx_word' id='word_1_51' title='bbox 302 543 405 579; x_wconf 93' lang='lat' dir='ltr'>illum</span> <span class='ocrx_word' id='word_1_52' title='bbox 431 545 562 589; x_wconf 81' lang='lat' dir='ltr'>aliquot</span> <span class='ocrx_word' id='word_1_53' title='bbox 587 544 687 580; x_wconf 88' lang='lat' dir='ltr'>annis</span> <span class='ocrx_word' id='word_1_54' title='bbox 713 546 790 590; x_wconf 90' lang='lat' dir='ltr'>post</span> <span class='ocrx_word' id='word_1_55' title='bbox 807 544 974 581; x_wconf 85' lang='lat' dir='ltr'>donatum</span> <span class='ocrx_word' id='word_1_56' title='bbox 992 555 1065 580; x_wconf 89' lang='lat' dir='ltr'>esse</span> <span class='ocrx_word' id='word_1_57' title='bbox 1083 546 1292 581; x_wconf 85' lang='lat' dir='ltr'>monasterio</span> <span class='ocrx_word' id='word_1_58' title='bbox 1319 548 1505 584; x_wconf 88' lang='lat' dir='ltr'>verisimile</span> 
     </span>
     <span class='ocr_line' id='line_1_13' title="bbox 301 601 1505 649; baseline 0.002 -13"><span class='ocrx_word' id='word_1_59' title='bbox 301 601 362 636; x_wconf 89' lang='lat' dir='ltr'>est.</span> <span class='ocrx_word' id='word_1_60' title='bbox 396 602 501 646; x_wconf 83' lang='lat' dir='ltr'>Nam,</span> <span class='ocrx_word' id='word_1_61' title='bbox 528 601 619 647; x_wconf 85' lang='lat' dir='ltr'>quod</span> <span class='ocrx_word' id='word_1_62' title='bbox 644 602 713 637; x_wconf 86' lang='lat' dir='ltr'>iam</span> <span class='ocrx_word' id='word_1_63' title='bbox 738 602 872 638; x_wconf 82' lang='lat' dir='ltr'>Jaffeus</span> <span class='ocrx_word' id='word_1_64' title='bbox 897 602 1074 638; x_wconf 89' lang='lat' dir='ltr'>divinatus</span> <span class='ocrx_word' id='word_1_65' title='bbox 1100 605 1164 647; x_wconf 89' lang='lat' dir='ltr'>est,</span> <span class='ocrx_word' id='word_1_66' title='bbox 1193 614 1254 648; x_wconf 92' lang='lat' dir='ltr'>pro</span> <span class='ocrx_word' id='word_1_67' title='bbox 1278 604 1416 639; x_wconf 89' lang='lat' dir='ltr'>nomine</span> <span class='ocrx_word' id='word_1_68' title='bbox 1433 605 1505 649; x_wconf 88' lang='lat' dir='ltr'>epi-</span> 
     </span>
     <span class='ocr_line' id='line_1_14' title="bbox 301 657 1504 704; baseline 0.002 -11"><span class='ocrx_word' id='word_1_69' title='bbox 301 659 395 703; x_wconf 87' lang='lat' dir='ltr'>scopi</span> <span class='ocrx_word' id='word_1_70' title='bbox 422 657 611 694; x_wconf 84' lang='lat' dir='ltr'>Traiectini</span> <span class='ocrx_word' id='word_1_71' title='bbox 638 659 843 703; x_wconf 84' lang='lat' dir='ltr'>Theodardi,</span> <span class='ocrx_word' id='word_1_72' title='bbox 870 660 929 704; x_wconf 92' lang='lat' dir='ltr'>qui</span> <span class='ocrx_word' id='word_1_73' title='bbox 956 659 999 695; x_wconf 89' lang='lat' dir='ltr'>ab</span> <span class='ocrx_word' id='word_1_74' title='bbox 1019 670 1049 695; x_wconf 84' lang='lat' dir='ltr'>a.</span> <span class='ocrx_word' id='word_1_75' title='bbox 1068 660 1139 696; x_wconf 86' lang='lat' dir='ltr'>fere</span> <span class='ocrx_word' id='word_1_76' title='bbox 1159 660 1228 696; x_wconf 78' lang='lat'>785</span> <span class='ocrx_word' id='word_1_77' title='bbox 1246 660 1289 696; x_wconf 90' lang='lat' dir='ltr'>ad</span> <span class='ocrx_word' id='word_1_78' title='bbox 1306 660 1372 696; x_wconf 84' lang='lat'>791</span> <span class='ocrx_word' id='word_1_79' title='bbox 1393 661 1504 697; x_wconf 88' lang='lat' dir='ltr'>eccle-</span> 
     </span>
     <span class='ocr_line' id='line_1_15' title="bbox 302 716 1504 760; baseline 0.002 -9"><span class='ocrx_word' id='word_1_80' title='bbox 302 716 390 751; x_wconf 86' lang='lat' dir='ltr'>siam</span> <span class='ocrx_word' id='word_1_81' title='bbox 409 716 679 752; x_wconf 83' lang='lat' dir='ltr'>Ultraiectinam</span> <span class='ocrx_word' id='word_1_82' title='bbox 706 716 964 753; x_wconf 80' lang='lat' dir='ltr'>administrasse</span> <span class='ocrx_word' id='word_1_83' title='bbox 990 717 1130 760; x_wconf 85' lang='lat' dir='ltr'>dicitur,</span> <span class='ocrx_word' id='word_1_84' title='bbox 1156 717 1413 753; x_wconf 89' lang='lat' dir='ltr'>restituendum</span> <span class='ocrx_word' id='word_1_85' title='bbox 1431 728 1504 753; x_wconf 85' lang='lat' dir='ltr'>esse</span> 
     </span>
     <span class='ocr_line' id='line_1_16' title="bbox 300 773 1505 821; baseline 0.002 -12"><span class='ocrx_word' id='word_1_86' title='bbox 300 784 339 809; x_wconf 84' lang='lat' dir='ltr'>ex</span> <span class='ocrx_word' id='word_1_87' title='bbox 383 773 508 809; x_wconf 83' lang='lat' dir='ltr'>codicis</span> <span class='ocrx_word' id='word_1_88' title='bbox 553 774 804 820; x_wconf 87' lang='lat' dir='ltr'>subscriptione</span> <span class='ocrx_word' id='word_1_89' title='bbox 840 774 1102 817; x_wconf 75' lang='lat' dir='ltr'>Theatbertum,</span> <span class='ocrx_word' id='word_1_90' title='bbox 1141 775 1301 821; x_wconf 88' lang='lat' dir='ltr'>equidem</span> <span class='ocrx_word' id='word_1_91' title='bbox 1338 785 1505 820; x_wconf 85' lang='lat' dir='ltr'>perquam</span> 
     </span>
     <span class='ocr_line' id='line_1_17' title="bbox 301 830 1503 877; baseline 0.002 -12"><span class='ocrx_word' id='word_1_92' title='bbox 301 831 531 876; x_wconf 85' lang='lat' dir='ltr'>probaverim.</span> <span class='ocrx_word' id='word_1_93' title='bbox 583 830 730 867; x_wconf 84' lang='lat' dir='ltr'>Constat</span> <span class='ocrx_word' id='word_1_94' title='bbox 756 831 847 866; x_wconf 89' lang='lat' dir='ltr'>enim</span> <span class='ocrx_word' id='word_1_95' title='bbox 875 843 999 867; x_wconf 80' lang='lat' dir='ltr'>nomen</span> <span class='ocrx_word' id='word_1_96' title='bbox 1036 831 1143 867; x_wconf 81' lang='lat' dir='ltr'>huius</span> <span class='ocrx_word' id='word_1_97' title='bbox 1185 831 1369 877; x_wconf 76' lang='lat' dir='ltr'>Pontificis</span> <span class='ocrx_word' id='word_1_98' title='bbox 1405 833 1503 868; x_wconf 77' lang='lat' dir='ltr'>varie</span> 
     </span>
     <span class='ocr_line' id='line_1_18' title="bbox 299 888 1505 936; baseline 0.001 -12"><span class='ocrx_word' id='word_1_99' title='bbox 299 888 404 924; x_wconf 85' lang='lat' dir='ltr'>scribi</span> <span class='ocrx_word' id='word_1_100' title='bbox 431 888 690 932; x_wconf 79' lang='lat' dir='ltr'>Theodardum,</span> <span class='ocrx_word' id='word_1_101' title='bbox 719 888 977 927; x_wconf 82' lang='lat' dir='ltr'>Thiedardum.</span> <span class='ocrx_word' id='word_1_102' title='bbox 1014 889 1114 935; x_wconf 73' lang='lat' dir='ltr'>vulyo</span> <span class='ocrx_word' id='word_1_103' title='bbox 1147 888 1284 925; x_wconf 85' lang='lat' dir='ltr'>Frisice</span> <span class='ocrx_word' id='word_1_104' title='bbox 1311 889 1450 925; x_wconf 82' lang='lat' dir='ltr'>Thiard</span> <span class='ocrx_word' id='word_1_105' title='bbox 1463 888 1505 936; x_wconf 67' lang='lat'>⁹).</span> 
     </span>
     <span class='ocr_line' id='line_1_19' title="bbox 302 945 1506 992; baseline 0.002 -11"><span class='ocrx_word' id='word_1_106' title='bbox 302 945 424 982; x_wconf 88' lang='lat' dir='ltr'>Nonne</span> <span class='ocrx_word' id='word_1_107' title='bbox 450 948 620 992; x_wconf 84' lang='lat' dir='ltr'>expuncta</span> <span class='ocrx_word' id='word_1_108' title='bbox 644 957 704 992; x_wconf 91' lang='lat' dir='ltr'>per</span> <span class='ocrx_word' id='word_1_109' title='bbox 729 958 880 982; x_wconf 87' lang='lat' dir='ltr'>errorem</span> <span class='ocrx_word' id='word_1_110' title='bbox 912 948 933 983; x_wconf 95' lang='lat' dir='ltr'>b</span> <span class='ocrx_word' id='word_1_111' title='bbox 964 947 1121 983; x_wconf 90' lang='lat' dir='ltr'>litterula</span> <span class='ocrx_word' id='word_1_112' title='bbox 1148 959 1187 983; x_wconf 82' lang='lat' dir='ltr'>ex</span> <span class='ocrx_word' id='word_1_113' title='bbox 1214 947 1381 983; x_wconf 85' lang='lat' dir='ltr'>Thiadb</span> <span class='ocrx_word' id='word_1_114' title='bbox 1393 949 1506 992; x_wconf 89' lang='lat' dir='ltr'>erto,</span> 
     </span>
     <span class='ocr_line' id='line_1_20' title="bbox 305 1003 1506 1049; baseline 0.001 -12"><span class='ocrx_word' id='word_1_115' title='bbox 305 1004 396 1047; x_wconf 87' lang='lat' dir='ltr'>quod</span> <span class='ocrx_word' id='word_1_116' title='bbox 415 1014 540 1038; x_wconf 87' lang='lat' dir='ltr'>nomen</span> <span class='ocrx_word' id='word_1_117' title='bbox 558 1004 593 1038; x_wconf 91' lang='lat' dir='ltr'>in</span> <span class='ocrx_word' id='word_1_118' title='bbox 612 1014 638 1038; x_wconf 90' lang='lat' dir='ltr'>s.</span> <span class='ocrx_word' id='word_1_119' title='bbox 658 1003 815 1049; x_wconf 83' lang='lat' dir='ltr'>Liutgeri</span> <span class='ocrx_word' id='word_1_120' title='bbox 833 1004 928 1039; x_wconf 85' lang='lat' dir='ltr'>vitae</span> <span class='ocrx_word' id='word_1_121' title='bbox 955 1003 1099 1039; x_wconf 90' lang='lat' dir='ltr'>alterius</span> <span class='ocrx_word' id='word_1_122' title='bbox 1126 1014 1152 1039; x_wconf 90' lang='lat' dir='ltr'>c.</span> <span class='ocrx_word' id='word_1_123' title='bbox 1180 1004 1225 1039; x_wconf 79' lang='lat'>27</span> <span class='ocrx_word' id='word_1_124' title='bbox 1254 1004 1506 1039; x_wconf 81' lang='lat' dir='ltr'>Thiadbar-</span> 
     </span>
     <span class='ocr_line' id='line_1_21' title="bbox 306 1060 1541 1107; baseline 0.002 -11"><span class='ocrx_word' id='word_1_125' title='bbox 306 1060 389 1096; x_wconf 81' lang='lat' dir='ltr'>dus</span> <span class='ocrx_word' id='word_1_126' title='bbox 413 1060 589 1105; x_wconf 87' lang='lat' dir='ltr'>scribitur,</span> <span class='ocrx_word' id='word_1_127' title='bbox 616 1060 782 1097; x_wconf 88' lang='lat' dir='ltr'>facillime</span> <span class='ocrx_word' id='word_1_128' title='bbox 810 1061 924 1098; x_wconf 74' lang='lat' dir='ltr'>enasci</span> <span class='ocrx_word' id='word_1_129' title='bbox 949 1062 1063 1107; x_wconf 88' lang='lat' dir='ltr'>potuit</span> <span class='ocrx_word' id='word_1_130' title='bbox 1088 1062 1391 1098; x_wconf 79' lang='lat' dir='ltr'>Thiadardus?</span> <span class='ocrx_word' id='word_1_131' title='bbox 1540 1098 1541 1102; x_wconf 67' lang='grc'>,</span> 
     </span>
     <span class='ocr_line' id='line_1_22' title="bbox 422 1118 1506 1165; baseline 0.002 -13"><span class='ocrx_word' id='word_1_132' title='bbox 422 1118 472 1153; x_wconf 89' lang='lat' dir='ltr'>At</span> <span class='ocrx_word' id='word_1_133' title='bbox 504 1119 730 1163; x_wconf 86' lang='lat' dir='ltr'>interrogabit</span> <span class='ocrx_word' id='word_1_134' title='bbox 765 1119 890 1163; x_wconf 86' lang='lat' dir='ltr'>aliquis</span> <span class='ocrx_word' id='word_1_135' title='bbox 916 1129 1085 1164; x_wconf 85' lang='lat' dir='ltr'>quaenam</span> <span class='ocrx_word' id='word_1_136' title='bbox 1119 1120 1247 1154; x_wconf 86' lang='lat' dir='ltr'>adferri</span> <span class='ocrx_word' id='word_1_137' title='bbox 1272 1119 1379 1165; x_wconf 85' lang='lat' dir='ltr'>possit</span> <span class='ocrx_word' id='word_1_138' title='bbox 1405 1120 1506 1154; x_wconf 88' lang='lat' dir='ltr'>huius</span> 
     </span>
     <span class='ocr_line' id='line_1_23' title="bbox 308 1176 1505 1222; baseline 0 -11"><span class='ocrx_word' id='word_1_139' title='bbox 308 1176 514 1211; x_wconf 88' lang='lat' dir='ltr'>mutationis</span> <span class='ocrx_word' id='word_1_140' title='bbox 545 1177 674 1212; x_wconf 82' lang='lat' dir='ltr'>causa?</span> <span class='ocrx_word' id='word_1_141' title='bbox 723 1176 792 1219; x_wconf 87' lang='lat' dir='ltr'>En,</span> <span class='ocrx_word' id='word_1_142' title='bbox 826 1177 948 1222; x_wconf 91' lang='lat' dir='ltr'>quibus</span> <span class='ocrx_word' id='word_1_143' title='bbox 976 1177 1015 1212; x_wconf 91' lang='lat' dir='ltr'>ut</span> <span class='ocrx_word' id='word_1_144' title='bbox 1038 1176 1090 1213; x_wconf 89' lang='lat' dir='ltr'>ita</span> <span class='ocrx_word' id='word_1_145' title='bbox 1114 1177 1269 1212; x_wconf 87' lang='lat' dir='ltr'>statuam</span> <span class='ocrx_word' id='word_1_146' title='bbox 1294 1185 1505 1221; x_wconf 85' lang='lat' dir='ltr'>permoveor,</span> 
     </span>
     <span class='ocr_line' id='line_1_24' title="bbox 306 1233 1506 1278; baseline 0.001 -11"><span class='ocrx_word' id='word_1_147' title='bbox 306 1244 374 1268; x_wconf 90' lang='lat' dir='ltr'>non</span> <span class='ocrx_word' id='word_1_148' title='bbox 408 1243 533 1276; x_wconf 91' lang='lat' dir='ltr'>unam,</span> <span class='ocrx_word' id='word_1_149' title='bbox 568 1233 628 1268; x_wconf 84' lang='lat' dir='ltr'>sed</span> <span class='ocrx_word' id='word_1_150' title='bbox 661 1234 787 1277; x_wconf 88' lang='lat' dir='ltr'>plures.</span> <span class='ocrx_word' id='word_1_151' title='bbox 840 1235 942 1278; x_wconf 85' lang='lat' dir='ltr'>Apud</span> <span class='ocrx_word' id='word_1_152' title='bbox 975 1234 1152 1269; x_wconf 83' lang='lat' dir='ltr'>Bataviae</span> <span class='ocrx_word' id='word_1_153' title='bbox 1178 1235 1307 1270; x_wconf 81' lang='lat' dir='ltr'>Sacrae</span> <span class='ocrx_word' id='word_1_154' title='bbox 1332 1236 1506 1269; x_wconf 81' lang='lat' dir='ltr'>auctorem</span> 
     </span>
     <span class='ocr_line' id='line_1_25' title="bbox 303 1289 1507 1336; baseline -0.001 -11"><span class='ocrx_word' id='word_1_155' title='bbox 303 1291 326 1326; x_wconf 87' lang='lat'>1.</span> <span class='ocrx_word' id='word_1_156' title='bbox 366 1301 392 1325; x_wconf 89' lang='lat' dir='ltr'>c.</span> <span class='ocrx_word' id='word_1_157' title='bbox 433 1290 597 1335; x_wconf 88' lang='lat' dir='ltr'>legimus:</span> <span class='ocrx_word' id='word_1_158' title='bbox 639 1289 734 1324; x_wconf 88' lang='lat' dir='ltr'>Erat</span> <span class='ocrx_word' id='word_1_159' title='bbox 773 1290 1029 1336; x_wconf 87' lang='lat' dir='ltr'>(Theodardus)</span> <span class='ocrx_word' id='word_1_160' title='bbox 1072 1291 1166 1325; x_wconf 87' lang='lat' dir='ltr'>enim</span> <span class='ocrx_word' id='word_1_161' title='bbox 1208 1291 1350 1325; x_wconf 88' lang='lat' dir='ltr'>natione</span> <span class='ocrx_word' id='word_1_162' title='bbox 1392 1289 1507 1331; x_wconf 79' lang='lat' dir='ltr'>Friso,</span> 
     </span>
     <span class='ocr_line' id='line_1_26' title="bbox 300 1346 1507 1393; baseline 0 -11"><span class='ocrx_word' id='word_1_163' title='bbox 300 1346 511 1382; x_wconf 81' lang='lat' dir='ltr'>Fresonicae</span> <span class='ocrx_word' id='word_1_164' title='bbox 533 1347 648 1393; x_wconf 70' lang='lat' dir='ltr'>yentis</span> <span class='ocrx_word' id='word_1_165' title='bbox 668 1347 895 1392; x_wconf 83' lang='lat' dir='ltr'>praedicator</span> <span class='ocrx_word' id='word_1_166' title='bbox 920 1347 1089 1392; x_wconf 75' lang='lat' dir='ltr'>inclytus,</span> <span class='ocrx_word' id='word_1_167' title='bbox 1115 1347 1156 1382; x_wconf 90' lang='lat' dir='ltr'>in</span> <span class='ocrx_word' id='word_1_168' title='bbox 1181 1347 1370 1391; x_wconf 76' lang='lat' dir='ltr'>Scriptura</span> <span class='ocrx_word' id='word_1_169' title='bbox 1396 1349 1507 1382; x_wconf 79' lang='lat' dir='ltr'>Sacra</span> 
     </span>
     <span class='ocr_line' id='line_1_27' title="bbox 300 1404 1507 1448; baseline -0.002 -8"><span class='ocrx_word' id='word_1_170' title='bbox 300 1405 559 1440; x_wconf 78' lang='lat' dir='ltr'>eruditissimus</span> <span class='ocrx_word' id='word_1_171' title='bbox 583 1405 706 1439; x_wconf 84' lang='lat' dir='ltr'>doctor.</span> <span class='ocrx_word' id='word_1_172' title='bbox 757 1404 1017 1440; x_wconf 74' lang='lat' dir='ltr'>Plaudentibus</span> <span class='ocrx_word' id='word_1_173' title='bbox 1042 1406 1175 1440; x_wconf 89' lang='lat' dir='ltr'>cunctis</span> <span class='ocrx_word' id='word_1_174' title='bbox 1199 1404 1426 1448; x_wconf 83' lang='lat' dir='ltr'>episcopalem</span> <span class='ocrx_word' id='word_1_175' title='bbox 1450 1415 1507 1439; x_wconf 83' lang='lat' dir='ltr'>ca-</span> 
     </span>
     <span class='ocr_line' id='line_1_28' title="bbox 300 1460 1507 1497; baseline -0.001 -1"><span class='ocrx_word' id='word_1_176' title='bbox 300 1461 459 1496; x_wconf 81' lang='lat' dir='ltr'>thedram</span> <span class='ocrx_word' id='word_1_177' title='bbox 485 1461 689 1496; x_wconf 85' lang='lat' dir='ltr'>conscendit.</span> <span class='ocrx_word' id='word_1_178' title='bbox 740 1461 875 1497; x_wconf 85' lang='lat' dir='ltr'>Nomen</span> <span class='ocrx_word' id='word_1_179' title='bbox 914 1462 945 1496; x_wconf 84' lang='lat' dir='ltr'><em>T</em></span> <span class='ocrx_word' id='word_1_180' title='bbox 947 1461 1111 1497; x_wconf 82' lang='lat' dir='ltr'>heatberti</span> <span class='ocrx_word' id='word_1_181' title='bbox 1147 1462 1221 1497; x_wconf 73' lang='lat' dir='ltr'>sine</span> <span class='ocrx_word' id='word_1_182' title='bbox 1259 1461 1363 1497; x_wconf 86' lang='lat' dir='ltr'>dubio</span> <span class='ocrx_word' id='word_1_183' title='bbox 1401 1460 1507 1496; x_wconf 83' lang='lat' dir='ltr'>Frisi-</span> 
     </span>
     <span class='ocr_line' id='line_1_29' title="bbox 302 1519 1507 1565; baseline -0.002 -10"><span class='ocrx_word' id='word_1_184' title='bbox 302 1531 380 1555; x_wconf 91' lang='lat' dir='ltr'>cum</span> <span class='ocrx_word' id='word_1_185' title='bbox 418 1530 490 1555; x_wconf 86' lang='lat' dir='ltr'>esse</span> <span class='ocrx_word' id='word_1_186' title='bbox 523 1530 628 1565; x_wconf 91' lang='lat' dir='ltr'>supra</span> <span class='ocrx_word' id='word_1_187' title='bbox 659 1519 981 1556; x_wconf 84' lang='lat' dir='ltr'>demonstravimus.</span> <span class='ocrx_word' id='word_1_188' title='bbox 1033 1519 1243 1555; x_wconf 80' lang='lat' dir='ltr'>Fresonicae</span> <span class='ocrx_word' id='word_1_189' title='bbox 1266 1520 1379 1564; x_wconf 75' lang='lat' dir='ltr'>yentis</span> <span class='ocrx_word' id='word_1_190' title='bbox 1398 1530 1507 1563; x_wconf 87' lang='lat' dir='ltr'>prae-</span> 
     </span>
     <span class='ocr_line' id='line_1_30' title="bbox 301 1576 1506 1629; baseline -0.001 -18"><span class='ocrx_word' id='word_1_191' title='bbox 301 1576 490 1612; x_wconf 84' lang='lat' dir='ltr'>dicatorem</span> <span class='ocrx_word' id='word_1_192' title='bbox 516 1576 687 1621; x_wconf 76' lang='lat' dir='ltr'>inclytum</span> <span class='ocrx_word' id='word_1_193' title='bbox 713 1577 964 1612; x_wconf 87' lang='lat' dir='ltr'>Theatbertum</span> <span class='ocrx_word' id='word_1_194' title='bbox 989 1577 1210 1629; x_wconf 36' lang='lat' dir='ltr'>fuis-sestam</span> <span class='ocrx_word' id='word_1_195' title='bbox 1236 1577 1316 1611; x_wconf 90' lang='lat' dir='ltr'>inde</span> <span class='ocrx_word' id='word_1_196' title='bbox 1342 1577 1506 1620; x_wconf 86' lang='lat' dir='ltr'>sequitur,</span> 
     </span>
     <span class='ocr_line' id='line_1_31' title="bbox 303 1632 1508 1678; baseline -0.002 -10"><span class='ocrx_word' id='word_1_197' title='bbox 303 1633 392 1678; x_wconf 87' lang='lat' dir='ltr'>quod</span> <span class='ocrx_word' id='word_1_198' title='bbox 424 1633 542 1668; x_wconf 91' lang='lat' dir='ltr'>doctor</span> <span class='ocrx_word' id='word_1_199' title='bbox 576 1635 786 1669; x_wconf 89' lang='lat' dir='ltr'>constitutus</span> <span class='ocrx_word' id='word_1_200' title='bbox 825 1635 899 1668; x_wconf 88' lang='lat' dir='ltr'>erat</span> <span class='ocrx_word' id='word_1_201' title='bbox 933 1634 1098 1669; x_wconf 88' lang='lat' dir='ltr'>eeclesiae</span> <span class='ocrx_word' id='word_1_202' title='bbox 1131 1632 1425 1674; x_wconf 81' lang='lat' dir='ltr'>Dorostadiensis3</span> <span class='ocrx_word' id='word_1_203' title='bbox 1467 1632 1508 1666; x_wconf 84' lang='lat' dir='ltr'>in</span> 
     </span>
     <span class='ocr_line' id='line_1_32' title="bbox 303 1690 1507 1735; baseline -0.002 -8"><span class='ocrx_word' id='word_1_204' title='bbox 303 1690 493 1735; x_wconf 76' lang='lat' dir='ltr'>Scriptura</span> <span class='ocrx_word' id='word_1_205' title='bbox 519 1690 633 1727; x_wconf 86' lang='lat' dir='ltr'>Sacra</span> <span class='ocrx_word' id='word_1_206' title='bbox 663 1691 940 1726; x_wconf 80' lang='lat' dir='ltr'>eruditissimum</span> <span class='ocrx_word' id='word_1_207' title='bbox 978 1691 1146 1726; x_wconf 85' lang='lat' dir='ltr'>doctorem</span> <span class='ocrx_word' id='word_1_208' title='bbox 1183 1701 1262 1726; x_wconf 88' lang='lat' dir='ltr'>eum</span> <span class='ocrx_word' id='word_1_209' title='bbox 1301 1690 1403 1725; x_wconf 88' lang='lat' dir='ltr'>fuisse</span> <span class='ocrx_word' id='word_1_210' title='bbox 1438 1698 1507 1724; x_wconf 90' lang='lat' dir='ltr'>non</span> 
     </span>
     <span class='ocr_line' id='line_1_33' title="bbox 302 1747 1503 1790; baseline -0.002 -8"><span class='ocrx_word' id='word_1_211' title='bbox 302 1748 478 1782; x_wconf 89' lang='lat' dir='ltr'>immerito</span> <span class='ocrx_word' id='word_1_212' title='bbox 511 1749 721 1790; x_wconf 85' lang='lat' dir='ltr'>statuemus,</span> <span class='ocrx_word' id='word_1_213' title='bbox 753 1749 784 1782; x_wconf 93' lang='lat' dir='ltr'>si</span> <span class='ocrx_word' id='word_1_214' title='bbox 822 1748 1073 1789; x_wconf 83' lang='lat' dir='ltr'>Theatbertus‚</span> <span class='ocrx_word' id='word_1_215' title='bbox 1117 1748 1240 1783; x_wconf 90' lang='lat' dir='ltr'>codicis</span> <span class='ocrx_word' id='word_1_216' title='bbox 1283 1747 1503 1789; x_wconf 84' lang='lat' dir='ltr'>subscriptor,</span> 
     </span>
     <span class='ocr_line' id='line_1_34' title="bbox 302 1796 1506 1850; baseline -0.002 -11"><span class='ocrx_word' id='word_1_217' title='bbox 302 1804 395 1840; x_wconf 89' lang='lat' dir='ltr'>idem</span> <span class='ocrx_word' id='word_1_218' title='bbox 430 1803 498 1839; x_wconf 88' lang='lat' dir='ltr'>fuit</span> <span class='ocrx_word' id='word_1_219' title='bbox 530 1805 632 1849; x_wconf 88' lang='lat' dir='ltr'>atque</span> <span class='ocrx_word' id='word_1_220' title='bbox 659 1803 720 1839; x_wconf 89' lang='lat' dir='ltr'>ille</span> <span class='ocrx_word' id='word_1_221' title='bbox 745 1804 989 1848; x_wconf 84' lang='lat' dir='ltr'>Thiatbracht,</span> <span class='ocrx_word' id='word_1_222' title='bbox 1023 1796 1300 1850; x_wconf 48' lang='lat' dir='ltr'>quem&#39;Traiecti</span> <span class='ocrx_word' id='word_1_223' title='bbox 1326 1803 1361 1838; x_wconf 92' lang='lat' dir='ltr'>in</span> <span class='ocrx_word' id='word_1_224' title='bbox 1386 1812 1506 1838; x_wconf 87' lang='lat' dir='ltr'>mona-</span> 
     </span>
     <span class='ocr_line' id='line_1_35' title="bbox 302 1860 1508 1906; baseline -0.004 -9"><span class='ocrx_word' id='word_1_225' title='bbox 302 1862 406 1897; x_wconf 90' lang='lat' dir='ltr'>sterio</span> <span class='ocrx_word' id='word_1_226' title='bbox 436 1861 552 1896; x_wconf 77' lang='lat' dir='ltr'>Jiieme</span> <span class='ocrx_word' id='word_1_227' title='bbox 587 1862 787 1906; x_wconf 76' lang='lat' dir='ltr'>praefuisse</span> <span class='ocrx_word' id='word_1_228' title='bbox 821 1862 997 1906; x_wconf 83' lang='lat' dir='ltr'>fratribus</span> <span class='ocrx_word' id='word_1_229' title='bbox 1034 1863 1076 1897; x_wconf 84' lang='lat' dir='ltr'>in</span> <span class='ocrx_word' id='word_1_230' title='bbox 1113 1862 1292 1897; x_wconf 82' lang='lat' dir='ltr'>doctrinae</span> <span class='ocrx_word' id='word_1_231' title='bbox 1327 1860 1441 1895; x_wconf 82' lang='lat' dir='ltr'>studio</span> <span class='ocrx_word' id='word_1_232' title='bbox 1478 1861 1508 1893; x_wconf 87' lang='lat' dir='ltr'>et</span> 
     </span>
     <span class='ocr_line' id='line_1_36' title="bbox 304 1916 1508 1964; baseline -0.002 -12"><span class='ocrx_word' id='word_1_233' title='bbox 304 1920 444 1953; x_wconf 89' lang='lat' dir='ltr'>sanctae</span> <span class='ocrx_word' id='word_1_234' title='bbox 467 1918 736 1953; x_wconf 78' lang='lat' dir='ltr'>conversationis</span> <span class='ocrx_word' id='word_1_235' title='bbox 759 1928 863 1963; x_wconf 85' lang='lat' dir='ltr'>supra</span> <span class='ocrx_word' id='word_1_236' title='bbox 888 1929 926 1954; x_wconf 84' lang='lat' dir='ltr'>ex</span> <span class='ocrx_word' id='word_1_237' title='bbox 952 1929 977 1954; x_wconf 92' lang='lat' dir='ltr'>s.</span> <span class='ocrx_word' id='word_1_238' title='bbox 1003 1918 1161 1964; x_wconf 87' lang='lat' dir='ltr'>Liutgeri</span> <span class='ocrx_word' id='word_1_239' title='bbox 1186 1918 1261 1953; x_wconf 87' lang='lat' dir='ltr'>vita</span> <span class='ocrx_word' id='word_1_240' title='bbox 1285 1916 1508 1954; x_wconf 87' lang='lat' dir='ltr'>ostendimus.</span> 
     </span>
    </p>
   </div>
   <div class='ocr_carea' id='block_1_6' title="bbox 306 1998 466 2000">
    <p class='ocr_par' dir='ltr' id='par_1_8' title="bbox 306 1998 466 2000">
     <span class='ocr_line' id='line_1_37' title="bbox 306 1998 466 2000; baseline 0 0"><span class='ocrx_word' id='word_1_241' title='bbox 306 1998 466 2000; x_wconf 95' lang='lat' dir='ltr'> </span> 
     </span>
    </p>
   </div>
   <div class='ocr_carea' id='block_1_7' title="bbox 304 2031 1517 2405">
    <p class='ocr_par' dir='ltr' id='par_1_9' title="bbox 304 2031 1509 2212">
     <span class='ocr_line' id='line_1_38' title="bbox 423 2031 1509 2069; baseline -0.005 -7"><span class='ocrx_word' id='word_1_242' title='bbox 423 2034 444 2068; x_wconf 87' lang='lat'>¹)</span> <span class='ocrx_word' id='word_1_243' title='bbox 465 2033 509 2062; x_wconf 76' lang='lat' dir='ltr'>Cf.</span> <span class='ocrx_word' id='word_1_244' title='bbox 531 2042 555 2062; x_wconf 85' lang='lat' dir='ltr'>c.</span> <span class='ocrx_word' id='word_1_245' title='bbox 578 2036 623 2062; x_wconf 78' lang='lat'>20.</span> <span class='ocrx_word' id='word_1_246' title='bbox 645 2034 665 2061; x_wconf 88' lang='lat'>1.</span> <span class='ocrx_word' id='word_1_247' title='bbox 687 2042 711 2061; x_wconf 92' lang='lat' dir='ltr'>c.</span> <span class='ocrx_word' id='word_1_248' title='bbox 733 2042 761 2069; x_wconf 92' lang='lat' dir='ltr'>p.</span> <span class='ocrx_word' id='word_1_249' title='bbox 783 2036 847 2062; x_wconf 82' lang='grc'><strong>768.</strong></span> <span class='ocrx_word' id='word_1_250' title='bbox 889 2033 971 2062; x_wconf 89' lang='lat' dir='ltr'>Nam</span> <span class='ocrx_word' id='word_1_251' title='bbox 992 2036 1021 2062; x_wconf 83' lang='lat' dir='ltr'>et</span> <span class='ocrx_word' id='word_1_252' title='bbox 1041 2033 1258 2069; x_wconf 79' lang='lat' dir='ltr'>condiscipulis</span> <span class='ocrx_word' id='word_1_253' title='bbox 1278 2031 1509 2066; x_wconf 75' lang='lat' dir='ltr'>melioribusque</span> 
     </span>
     <span class='ocr_line' id='line_1_39' title="bbox 304 2075 1507 2116; baseline -0.003 -8"><span class='ocrx_word' id='word_1_254' title='bbox 304 2080 378 2108; x_wconf 85' lang='lat' dir='ltr'>meis</span> <span class='ocrx_word' id='word_1_255' title='bbox 398 2080 433 2107; x_wconf 80' lang='lat' dir='ltr'>in</span> <span class='ocrx_word' id='word_1_256' title='bbox 453 2079 556 2108; x_wconf 88' lang='lat' dir='ltr'>eadem</span> <span class='ocrx_word' id='word_1_257' title='bbox 576 2080 714 2108; x_wconf 85' lang='lat' dir='ltr'>molestia</span> <span class='ocrx_word' id='word_1_258' title='bbox 731 2080 838 2116; x_wconf 82' lang='lat' dir='ltr'>plures</span> <span class='ocrx_word' id='word_1_259' title='bbox 859 2080 990 2108; x_wconf 82' lang='lat' dir='ltr'>tradidit</span> <span class='ocrx_word' id='word_1_260' title='bbox 1011 2080 1115 2115; x_wconf 83' lang='lat' dir='ltr'>libros;</span> <span class='ocrx_word' id='word_1_261' title='bbox 1143 2083 1171 2108; x_wconf 86' lang='lat' dir='ltr'>et</span> <span class='ocrx_word' id='word_1_262' title='bbox 1190 2079 1265 2108; x_wconf 81' lang='lat' dir='ltr'>mihi</span> <span class='ocrx_word' id='word_1_263' title='bbox 1283 2077 1399 2107; x_wconf 86' lang='lat' dir='ltr'>modico</span> <span class='ocrx_word' id='word_1_264' title='bbox 1421 2075 1507 2105; x_wconf 80' lang='lat' dir='ltr'>Lud-</span> 
     </span>
     <span class='ocr_line' id='line_1_40' title="bbox 304 2123 1507 2166; baseline -0.003 -10"><span class='ocrx_word' id='word_1_265' title='bbox 304 2135 377 2166; x_wconf 75' lang='lat' dir='ltr'>9ero</span> <span class='ocrx_word' id='word_1_266' title='bbox 397 2126 506 2156; x_wconf 83' lang='lat' dir='ltr'>librum</span> <span class='ocrx_word' id='word_1_267' title='bbox 526 2127 626 2156; x_wconf 83' lang='lat' dir='ltr'>sancti</span> <span class='ocrx_word' id='word_1_268' title='bbox 636 2127 807 2165; x_wconf 66' lang='lat' dir='ltr'>Augustini</span> <span class='ocrx_word' id='word_1_269' title='bbox 825 2126 967 2164; x_wconf 86' lang='lat' dir='ltr'>tradidit,</span> <span class='ocrx_word' id='word_1_270' title='bbox 989 2136 1077 2165; x_wconf 78' lang='lat' dir='ltr'>quem</span> <span class='ocrx_word' id='word_1_271' title='bbox 1097 2126 1315 2162; x_wconf 79' lang='lat' dir='ltr'>Enchiridion,</span> <span class='ocrx_word' id='word_1_272' title='bbox 1330 2124 1363 2154; x_wconf 87' lang='lat' dir='ltr'>id</span> <span class='ocrx_word' id='word_1_273' title='bbox 1378 2126 1421 2153; x_wconf 82' lang='lat' dir='ltr'>est</span> <span class='ocrx_word' id='word_1_274' title='bbox 1434 2123 1507 2152; x_wconf 87' lang='lat' dir='ltr'>Ma-</span> 
     </span>
     <span class='ocr_line' id='line_1_41' title="bbox 304 2176 713 2212; baseline 0.002 -7"><span class='ocrx_word' id='word_1_275' title='bbox 304 2176 407 2211; x_wconf 85' lang='lat' dir='ltr'>nuale,</span> <span class='ocrx_word' id='word_1_276' title='bbox 427 2176 491 2212; x_wconf 81' lang='lat' dir='ltr'>ipse</span> <span class='ocrx_word' id='word_1_277' title='bbox 512 2176 713 2212; x_wconf 84' lang='lat' dir='ltr'>nuncupavit.</span> 
     </span>
    </p>

    <p class='ocr_par' dir='ltr' id='par_1_10' title="bbox 306 2220 1517 2405">
     <span class='ocr_line' id='line_1_42' title="bbox 423 2220 1508 2260; baseline -0.003 -9"><span class='ocrx_word' id='word_1_278' title='bbox 423 2224 444 2259; x_wconf 77' lang='lat'>²)</span> <span class='ocrx_word' id='word_1_279' title='bbox 466 2222 511 2251; x_wconf 83' lang='lat' dir='ltr'>cf.</span> <span class='ocrx_word' id='word_1_280' title='bbox 527 2222 679 2252; x_wconf 89' lang='lat' dir='ltr'>Bataviae</span> <span class='ocrx_word' id='word_1_281' title='bbox 699 2231 808 2251; x_wconf 84' lang='lat' dir='ltr'>sacrae</span> <span class='ocrx_word' id='word_1_282' title='bbox 827 2232 855 2260; x_wconf 86' lang='lat' dir='ltr'>p.</span> <span class='ocrx_word' id='word_1_283' title='bbox 870 2225 915 2257; x_wconf 85' lang='lat'>96,</span> <span class='ocrx_word' id='word_1_284' title='bbox 937 2223 1021 2252; x_wconf 83' lang='lat' dir='ltr'>cuius</span> <span class='ocrx_word' id='word_1_285' title='bbox 1042 2221 1146 2252; x_wconf 80' lang='lat' dir='ltr'>auctor</span> <span class='ocrx_word' id='word_1_286' title='bbox 1167 2223 1240 2251; x_wconf 86' lang='lat' dir='ltr'>etin</span> <span class='ocrx_word' id='word_1_287' title='bbox 1256 2222 1304 2256; x_wconf 89' lang='lat' dir='ltr'>iis,</span> <span class='ocrx_word' id='word_1_288' title='bbox 1326 2229 1400 2258; x_wconf 84' lang='lat' dir='ltr'>quae</span> <span class='ocrx_word' id='word_1_289' title='bbox 1421 2220 1508 2249; x_wconf 90' lang='lat' dir='ltr'>modo</span> 
     </span>
     <span class='ocr_line' id='line_1_43' title="bbox 306 2266 1508 2306; baseline -0.004 -6"><span class='ocrx_word' id='word_1_290' title='bbox 306 2271 471 2300; x_wconf 81' lang='lat' dir='ltr'>adtulimus</span> <span class='ocrx_word' id='word_1_291' title='bbox 491 2271 521 2298; x_wconf 85' lang='lat' dir='ltr'>et</span> <span class='ocrx_word' id='word_1_292' title='bbox 535 2269 567 2297; x_wconf 88' lang='lat' dir='ltr'>in</span> <span class='ocrx_word' id='word_1_293' title='bbox 581 2269 627 2303; x_wconf 88' lang='lat' dir='ltr'>iis,</span> <span class='ocrx_word' id='word_1_294' title='bbox 642 2277 717 2306; x_wconf 90' lang='lat' dir='ltr'>quae</span> <span class='ocrx_word' id='word_1_295' title='bbox 730 2269 810 2298; x_wconf 83' lang='lat' dir='ltr'>infra</span> <span class='ocrx_word' id='word_1_296' title='bbox 825 2269 999 2302; x_wconf 78' lang='lat' dir='ltr'>adferemus.</span> <span class='ocrx_word' id='word_1_297' title='bbox 1014 2271 1133 2299; x_wconf 86' lang='lat' dir='ltr'>secutus</span> <span class='ocrx_word' id='word_1_298' title='bbox 1146 2271 1190 2305; x_wconf 65' lang='lat' dir='ltr'>(st</span> <span class='ocrx_word' id='word_1_299' title='bbox 1205 2269 1353 2299; x_wconf 84' lang='lat' dir='ltr'>Ioannem</span> <span class='ocrx_word' id='word_1_300' title='bbox 1365 2267 1402 2297; x_wconf 86' lang='lat' dir='ltr'>de</span> <span class='ocrx_word' id='word_1_301' title='bbox 1413 2266 1508 2301; x_wconf 80' lang='lat' dir='ltr'>Belca,</span> 
     </span>
     <span class='ocr_line' id='line_1_44' title="bbox 307 2314 1517 2355; baseline -0.003 -7"><span class='ocrx_word' id='word_1_302' title='bbox 307 2319 454 2349; x_wconf 77' lang='lat' dir='ltr'>canonic.</span> <span class='ocrx_word' id='word_1_303' title='bbox 472 2317 709 2354; x_wconf 78' lang='lat' dir='ltr'>Ultrajectin.et</span> <span class='ocrx_word' id='word_1_304' title='bbox 741 2317 929 2347; x_wconf 79' lang='lat' dir='ltr'>Wilhelmum</span> <span class='ocrx_word' id='word_1_305' title='bbox 953 2317 1059 2353; x_wconf 84' lang='lat' dir='ltr'>Heda,</span> <span class='ocrx_word' id='word_1_306' title='bbox 1076 2317 1440 2355; x_wconf 77' lang='lat' dir='ltr'>praepos.Arnehemens</span> <span class='ocrx_word' id='word_1_307' title='bbox 1452 2337 1459 2343; x_wconf 94' lang='lat'>.</span> <span class='ocrx_word' id='word_1_308' title='bbox 1472 2314 1517 2344; x_wconf 26' lang='lat' dir='ltr'>der</span> 
     </span>
     <span class='ocr_line' id='line_1_45' title="bbox 307 2364 1422 2405; baseline -0.003 -9"><span class='ocrx_word' id='word_1_309' title='bbox 307 2367 452 2405; x_wconf 81' lang='lat' dir='ltr'>episcopis</span> <span class='ocrx_word' id='word_1_310' title='bbox 477 2365 688 2403; x_wconf 76' lang='lat' dir='ltr'>Ultrajectinis</span> <span class='ocrx_word' id='word_1_311' title='bbox 708 2366 837 2404; x_wconf 88' lang='lat' dir='ltr'>(recogn.</span> <span class='ocrx_word' id='word_1_312' title='bbox 859 2366 929 2396; x_wconf 85' lang='lat' dir='ltr'>Arn.</span> <span class='ocrx_word' id='word_1_313' title='bbox 950 2364 1303 2402; x_wconf 77' lang='lat' dir='ltr'>Buchelius.Ultrajecti</span> <span class='ocrx_word' id='word_1_314' title='bbox 1325 2364 1422 2401; x_wconf 82' lang='lat'>1643).</span> 
     </span>
    </p>
   </div>
  </div>
 </body>
</html>
