1721 2727
145 871 198 893 Mad
217 872 238 900 'g

131 900 212 922 emend
229 902 240 922 t

131 934 156 950 es
164 928 192 950 Li
264 935 277 951 e

103 2174 186 2208 Editio¹
208 2174 274 2197 Mad-

141 2209 244 2231 vigiam.

301 290 457 333 peteret,
494 288 547 324 via
577 288 764 324 deflectens
797 289 924 325 codicis
956 290 1096 325 Liviani
1122 291 1399 328 vindobonensis
1425 301 1509 327 con·

302 346 471 382 lationem
495 345 670 391 integram
703 346 914 382 institueret.
965 346 1064 390 Quod
1088 347 1152 383 ille
1177 349 1352 393 praestitit
1375 349 1438 393 ita,
1465 351 1509 384 ut

302 403 375 449 ipse
399 402 506 438 libros
531 403 612 438 XLI
638 404 672 438 et
696 403 826 446 XLIII,
851 414 950 449 porro
968 404 1050 440 libri
1073 404 1212 440 XLIIII
1237 416 1285 443 cc.
1307 407 1422 443 1-35
1447 416 1505 442 ac-

303 462 421 496 curate
459 460 631 495 conferre-t
665 461 914 506 adnotaretque
948 462 1075 497 codicis
1107 462 1150 497 ab
1185 462 1334 498 editione
1365 463 1503 499 Tauch-

300 517 452 553 nitziana
484 517 752 562 discrepantias,
790 518 925 563 reliqua
962 518 1016 565 (11.
1041 519 1159 561 XLII,
1196 520 1332 555 XLIIII
1358 530 1379 555 a
1404 530 1432 556 c.
1457 520 1506 555 36

301 575 344 610 ad
382 575 509 617 finem,
560 574 668 620 XLV)
710 574 917 611 conferenda
957 577 1095 611 curaret
1135 587 1195 621 per
1240 576 1349 612 alium
1389 577 1503 612 virum

301 632 441 666 doctum
466 633 501 666 et
526 631 702 676 Madvigio
728 633 818 666 teste
851 632 970 677 utique
1002 632 1068 668 fide
1099 633 1261 678 dignum,
1300 633 1359 678 qui
1385 644 1501 669 exem-

298 689 388 733 plari
426 698 509 723 usus
548 691 601 723 est
642 689 979 725 Drakenborchiano.
1029 689 1135 725 Cuius
1177 690 1382 726 conlationis
1423 702 1503 726 cum

299 756 380 781 casu
421 745 680 781 intercidissent
717 747 762 781 21
804 748 919 791 capita
953 746 989 793 (a
1014 747 1140 792 quibus
1177 748 1201 784 1.
1226 748 1327 783 XLII
1352 748 1500 794 incipit),

297 803 460 837 lacunam
498 802 649 847 explevit
691 803 785 839 Guil.
828 803 1038 847 Faustkam‚
1080 804 1141 849 qui
1181 805 1348 840 lectiones
1391 805 1501 840 varias

200 878 222 893 v.
240 872 257 905 ii
298 859 484 905 exemplari
502 859 826 897 Weissenborniano
839 860 998 896 inseruit.
1027 860 1100 905 Quo
1115 861 1253 897 adiutus
1268 861 1503 897 instrumento

194 907 285 951 viiii
298 917 419 952 orii-,ico
436 918 486 954 10.
500 917 579 952 Nic.
593 917 792 963 Madvigius
811 918 920 953 edidit
937 929 966 954 a.
982 919 1076 954 1860
1092 918 1130 954 in
1148 919 1352 954 clarissimis
1366 918 1499 952 Emen-

297 974 499 1010 dationibus
530 974 695 1010 Liviaiiz‘s
727 985 895 1011 novarum
929 975 1211 1012 emendationum
1247 986 1396 1012 messem
1433 985 1499 1011 non

297 1033 586 1067 contemnendam
600 1033 625 1078 ¹)
652 1033 824 1077 simulque
849 1034 1008 1077 promisit
1034 1044 1070 1068 se
1096 1044 1213 1068 omnes
1236 1034 1362 1069 codicis
1386 1034 1499 1077 scrip-

296 1091 408 1131 turas,
434 1091 473 1123 ut
498 1089 566 1123 alii
591 1090 797 1123 examinare
817 1089 964 1132 possint,
977 1090 1181 1134 propediem
1199 1090 1288 1126 alibi
1312 1090 1497 1125 editurum.

412 1146 551 1181 Interea
587 1146 747 1190 Hertzio,
787 1147 884 1182 cuius
926 1146 1033 1183 editio
1065 1147 1211 1183 Liviana
1247 1158 1285 1183 eo
1322 1158 1498 1193 processe-

294 1206 364 1245 rat,
398 1204 438 1238 ut
472 1204 539 1248 ipsi
577 1204 621 1238 ad
657 1204 815 1248 quintam
854 1205 1013 1239 decadem
1046 1205 1308 1249 perpoliendam
1333 1205 1497 1240 acceden-

294 1260 378 1295 dum
422 1262 528 1303 essct,
568 1271 647 1295 cum
692 1261 805 1295 virum
846 1263 1026 1306 quaereret
1064 1261 1243 1303 idoneum,
1288 1263 1347 1306 qui
1381 1262 1498 1297 conla-

291 1318 422 1353 tionem
454 1317 580 1353 codicis
613 1318 795 1353 conficeret
827 1329 932 1363 quam
958 1320 1105 1354 maxime
1142 1321 1356 1362 accuratam,
1395 1330 1497 1354 suum

292 1374 529 1420 apographum
547 1374 777 1410 subtilissima
794 1375 979 1420 diligentia
1005 1376 1198 1411 confectum
1225 1375 1354 1412 obtulit
1379 1376 1495 1412 Vah-

292 1434 432 1474 lenus,
469 1432 528 1476 qui
559 1431 685 1466 studiis
716 1430 870 1466 Livianis
902 1431 939 1467 in
973 1431 1120 1475 Eplwm.
1164 1431 1291 1476 Gymn.
1324 1431 1493 1474 Austr.²).

292 1501 397 1535 quam
424 1490 584 1525 accurate
610 1488 763 1523 codicem
796 1490 985 1524 tractasset
1023 1491 1237 1534 quantusque
1269 1500 1309 1524 ex
1335 1491 1495 1524 accurata

291 1547 487 1583 conlatione
526 1546 660 1581 fructus
698 1547 741 1581 ad
784 1546 1045 1590 desperatorum
1087 1546 1239 1582 locorum
1282 1547 1493 1581 sanationem

290 1605 498 1639 redundaret
516 1602 805 1647 splendidissimis
823 1602 988 1638 docuerat
1005 1603 1179 1648 exemplis.
1199 1603 1361 1638 Hertzius
1374 1602 1493 1647 igitur,

291 1672 370 1697 cum
397 1661 467 1696 iam
493 1663 597 1696 antea
622 1661 656 1695 in
685 1656 945 1706 programmate
972 1660 1202 1696 Vratislaviae
1227 1671 1256 1695 a.
1286 1660 1377 1696 1863
1403 1660 1494 1696 edito

289 1719 382 1754 Livii
408 1717 490 1752 libri
515 1717 615 1752 XLII
642 1727 691 1752 cc.
719 1717 836 1750 1—-14
859 1717 904 1751 ad
929 1716 1092 1751 Codicem
1108 1717 1412 1752 Vindobonensem
1437 1728 1491 1751 re-

289 1775 492 1816 censuisset,
519 1773 748 1809 conlationem
773 1772 899 1809 codicis
917 1773 952 1808 in
976 1772 1188 1818 praefatione
1214 1773 1374 1809 editionis
1399 1784 1492 1809 com-

288 1832 484 1867 municavit
518 1833 632 1866 textus
670 1831 782 1866 verbis
821 1832 855 1866 in
890 1830 994 1865 rebus
1027 1831 1302 1876 orthographicis
1328 1832 1372 1866 ad
1397 1832 1491 1867 illius

287 1888 534 1923 auctoritatem
576 1887 832 1921 accuratissime
876 1888 1016 1921 exactis.
1078 1886 1172 1929 Quae
1209 1888 1313 1922 editio
1355 1889 1491 1931 praeter

288 1943 567 1982 luculentissima
605 1943 852 1980 emendationis
893 1944 1050 1990 exempla
1091 1943 1222 1981 duabus
1265 1945 1367 1982 rebus
1408 1955 1491 1991 prae

289 2004 411 2037 ceteris
446 2002 598 2043 excellit,
635 2003 670 2035 et
703 2003 792 2045 quod
825 2002 938 2045 prima
963 2004 1035 2043 est,
1071 2012 1157 2045 quae
1182 2003 1357 2046 integram
1383 2003 1491 2037 totius

288 2058 415 2094 codicis
458 2059 688 2094 conlationem
730 2068 874 2104 eamque
912 2058 1217 2104 diligentissimam
1259 2059 1414 2095 continet
1455 2062 1490 2095 et

287 2118 376 2161 quod
394 2116 521 2151 codicis
539 2116 729 2161 imaginem
754 2116 858 2151 fidam
882 2117 1067 2151 verborum
1091 2117 1287 2152 recensione
1311 2117 1488 2162 expressit.

401 2174 440 2209 M
449 2185 468 2209 a
478 2174 499 2208 d
509 2185 528 2209 v
539 2175 550 2208 i
557 2175 599 2220 gi
609 2186 631 2209 u
640 2185 655 2209 s
674 2175 858 2220 postquam
872 2176 1003 2209 aestate
1017 2185 1045 2209 a.
1059 2174 1151 2209 1863
1161 2173 1401 2208 Vindobonam
1409 2183 1489 2217 pro-

286 2230 399 2266 fectus
437 2231 589 2266 codicem
620 2231 924 2266 Vindobouensem
953 2242 1020 2274 per
1059 2230 1194 2275 aliquot
1230 2229 1304 2265 dies
1340 2229 1489 2264 studiose

402 2344 424 2381 ¹)
445 2343 491 2373 Cf.
513 2352 540 2381 p.
563 2345 628 2374 487.

400 2393 422 2427 ²)
444 2391 487 2421 Cf.
510 2393 580 2421 tom.
604 2391 674 2420 anni
696 2394 765 2421 1851
790 2400 818 2428 p.
841 2393 859 2419 5
881 2399 953 2428 sqq,
977 2393 1032 2420 249
1054 2399 1117 2429 sqq.
