1721 2727
697 160 929 194 —41-

219 262 358 298 XXVI
389 263 460 298 sive
494 263 563 298 iam
596 262 739 299 evanido
770 264 844 299 sive
868 263 1005 309 integro
1030 265 1291 309 quaternionem
1316 265 1406 300 hunc

214 330 255 354 ex
281 319 373 354 foliis
400 319 492 354 inter
522 330 558 354 se
583 330 651 355 non
678 319 850 355 continuis
869 320 1049 355 confusum
1068 331 1108 355 ex
1124 320 1208 362 loco,
1227 330 1293 365 quo
1309 323 1408 356 antea

213 386 295 411 eum
321 376 426 411 fuisse
453 375 667 411 conlocatum
694 376 933 411 contendimus
960 377 1053 421 (post
1078 376 1276 422 q.XXVII)
1301 387 1409 412 remo·

215 436 292 468 tum
318 435 421 478 atque
446 434 537 468 inter
562 433 803 478 quaterniones
828 433 968 469 XXIIII
987 437 1022 469 et
1039 433 1186 477 XXVII,
1206 432 1268 468 ubi
1285 433 1409 469 lacuna

213 490 344 533 aderat,
373 490 581 526 translatum
609 500 681 525 esse
707 490 777 525 sere
802 490 1025 526 manifestum
1052 491 1199 526 videtur.

328 661 422 704 Quae
449 671 528 696 cum
554 661 605 696 ita
622 661 703 705 sint,
722 661 886 704 codicem,
905 672 943 696 ex
962 670 1026 706 quo
1043 662 1195 705 tempore
1212 662 1247 696 in
1262 661 1408 697 FriSiam
1418 659 1589 711 bssissessssffi.
1624 675 1631 680 .

214 719 372 762 pervenit
397 719 499 762 atque
517 719 725 753 monasterio
743 717 1037 753 Laui-isheimensi
1060 718 1210 753 traditus
1235 720 1407 763 est,·nac-

214 779 290 815 tum
324 764 392 810 non
424 785 498 810 esse
522 775 666 810 lectores
692 775 777 810 satis
802 776 937 818 doctos,
964 775 1022 820 qui
1040 785 1156 810 rerum
1172 775 1408 811 Romanarum

215 832 417 868 memoriam
443 832 526 868 inde
553 834 665 867 essent
690 831 861 875 hausturi,
889 832 989 877 plane
1016 833 1169 877 adparet.
1220 832 1339 878 Neque
1371 833 1409 869 id

212 890 319 924 miros
346 900 405 925 nos
432 889 558 924 habere
591 891 721 935 potest3
760 900 840 924 nam
876 890 1066 925 Fresonum
1098 890 1247 934 episcopi
1281 890 1409 924 saeculi

215 946 324 988 VIII,
368 956 511 991 quorum
548 946 686 991 quidam
727 946 855 982 librum
888 946 1102 992 possederat,
1136 948 1237 981 rebus
1271 947 1409 982 maiori-

215 1003 277 1036 bus
304 1002 460 1048 occupati
486 1003 610 1037 studiis
629 1012 746 1037 earum
779 1002 987 1046 litterarum,
1021 1003 1058 1037 in
1091 1012 1236 1047 quarum
1269 1013 1410 1038 numero

214 1060 306 1095 Livii
331 1061 373 1095 ab
399 1059 492 1095 Urbe
518 1059 652 1095 condita
683 1059 765 1095 libri
797 1059 945 1105 ponendi
986 1061 1083 1103 sunt,
1127 1070 1247 1096 vacare
1288 1060 1411 1105 nequi-

214 1117 313 1158 bant3
358 1117 520 1151 domandi
559 1117 650 1151 enim
689 1117 782 1162 prius
821 1119 917 1151 erant
954 1117 1019 1152 feri
1062 1117 1251 1152 incolarum
1299 1126 1409 1152 mores

213 1183 319 1219 quam
345 1174 386 1208 de
412 1173 536 1209 studiis
568 1174 766 1209 litterarum
798 1174 953 1209 fovendis
985 1174 1130 1220 cogitari
1161 1176 1309 1219 poterat.
1359 1174 1410 1209 De

214 1232 335 1276 primis
374 1232 572 1265 monasterii
597 1231 908 1266 Laum’sheimensis
945 1232 1121 1266 monachis
1163 1232 1256 1266 idem
1294 1231 1409 1266 valere

214 1288 270 1324 vix
302 1289 354 1323 est
391 1290 478 1332 quod
516 1298 725 1323 moneamus.
776 1288 894 1330 Neque
920 1297 998 1323 vero
1025 1298 1103 1323 cum
1131 1292 1285 1332 tempora
1311 1288 1409 1323 litte-

216 1356 330 1380 rarum
358 1346 483 1381 studiis
509 1345 619 1390 magis
646 1345 811 1387 faverent,
838 1346 989 1389 primum
1004 1355 1173 1390 quemque
1190 1344 1408 1386 monachum,

214 1402 273 1446 qui
298 1402 454 1448 linguam
487 1402 635 1437 callebat
672 1402 851 1453 Qatinam,
890 1402 1049 1437 idoneum
1087 1403 1156 1437 iam
1194 1402 1317 1443 fuisse,
1352 1402 1410 1446 qui

215 1459 329 1494 codice
355 1461 510 1493 uteretur
535 1458 679 1493 Liviano
707 1468 852 1503 eumque
877 1458 912 1493 in
939 1459 1094 1493 ordinem
1113 1459 1296 1503 redigeret,
1315 1458 1409 1503 quis·

213 1526 280 1559 que
307 1515 480 1561 concedet,
507 1515 566 1560 qui
592 1516 647 1550 vel
671 1514 806 1549 Erasmi
828 1514 1144 1550 Rotterodamensis
1161 1515 1411 1559 praefationem

215 1572 359 1608 editioni
393 1571 628 1608 Frobenianae
659 1571 885 1617 praemissam
918 1581 1070 1617 quaeque
1108 1571 1159 1606 ibi
1197 1572 1238 1607 de
1276 1572 1411 1617 magnis

216 1630 378 1666 editionis
405 1629 579 1674 parandae
604 1629 874 1664 difficultatibus
893 1630 1208 1664 commemorantur
1224 1629 1411 1674 perlegerit

215 1687 271 1722 vel
295 1687 367 1732 ipse
392 1687 518 1722 codicis
544 1687 676 1732 aliquot
702 1686 787 1722 folia
818 1686 914 1722 libris
944 1687 1120 1731 impressis
1144 1696 1212 1721 non
1243 1687 1409 1723 adhibitis

215 1745 412 1779 tentaverit.
435 1743 546 1787 Quare
562 1743 756 1778 mirandum
771 1752 837 1777 non
851 1744 904 1777 est
918 1743 1061 1778 latuisse
1076 1744 1226 1778 codicem
1240 1744 1274 1778 in
1291 1755 1410 1779 mona-

214 1800 319 1835 sterio
346 1809 455 1843 neque
483 1799 573 1834 tanti
601 1799 758 1834 habitum
784 1798 905 1843 quanti
932 1798 1032 1834 hodie
1057 1801 1109 1834 est
1134 1800 1256 1844 pretii,
1284 1799 1410 1844 quippe

216 1857 275 1902 qui
301 1866 464 1902 compage
495 1855 636 1891 meliore
671 1855 797 1901 dignus
835 1865 901 1890 non
941 1854 1145 1894 habebatur.
1184 1857 1340 1901 quamvis
1371 1867 1411 1891 ex

215 1914 329 1950 indice
373 1913 528 1949 codicum
566 1912 766 1947 monasterii
814 1912 1122 1948 Laurisheimensis
1160 1914 1294 1948 saeculo
1328 1913 1409 1948 XII.

214 1974 289 2007 orto
315 1973 416 2015 atque
442 1970 484 2005 ab
501 1973 543 2006 A.
558 1970 648 2005 Maio
665 1969 797 2014 publici
814 1969 900 2004 iuris
924 1969 1015 2005 facto
1028 1970 1054 2015 ¹)
1072 1970 1220 2005 sciamus
1242 1970 1410 2016 plurimos

335 2126 357 2162 ¹)
378 2123 423 2153 Cf.
446 2123 548 2161 Spicil.
569 2122 656 2152 Rom.
679 2125 752 2152 tom.
768 2121 801 2151 V.
823 2131 851 2159 p.
875 2124 1037 2151 160—2001
1058 2122 1255 2152 Breviarium
1276 2123 1411 2153 codicum

216 2172 393 2202 monasterii
411 2171 510 2201 sancti
530 2171 663 2200 Nazarii
684 2170 719 2199 in
739 2170 890 2199 Laurissa
909 2179 962 2200 scu
982 2170 1248 2200 Laureshamemis
1267 2172 1308 2201 ad
1328 2172 1409 2202 Rhe-

217 2230 291 2249 num
313 2229 350 2250 ex
365 2222 540 2257 pervetusto
560 2218 659 2247 codiee
679 2218 869 2259 bibliothecae
888 2218 1052 2247 Palatinae
1073 2218 1256 2254 Vaticanae,
1277 2220 1330 2256 qui
1348 2220 1411 2255 fuit

213 2268 285 2297 olim
298 2267 431 2297 eiusdem
444 2266 633 2300 monasterii3
653 2265 690 2294 cf.
705 2265 795 2295 etiam
808 2274 882 2303 quae
896 2265 929 2294 A.
940 2264 1153 2295 Wilmannsius
1167 2266 1198 2295 in
1211 2266 1314 2295 Musei
1328 2266 1409 2297 Rhe-

216 2316 292 2345 mm'
311 2319 335 2346 t.
355 2315 460 2345 XXIII
481 2324 508 2353 p.
530 2317 585 2343 385
612 2322 675 2352 sqq.
702 2314 764 2343 eius
790 2313 921 2350 catalogi
942 2312 1035 2342 edidit
1056 2314 1260 2351 supplementa
1285 2315 1323 2343 ad
1348 2323 1409 2343 rem

215 2363 348 2392 criticam
368 2363 555 2400 potissimum
576 2361 734 2391 referenda.
