1721 2727
742 141 979 176 -50-

259 244 389 278 tionem
415 245 519 279 istam
544 244 941 280 omnibus-existimabit
959 245 1111 280 numeris
1131 245 1333 281 absolutam.
1357 244 1460 280 Lam-

260 301 398 337 boecius
424 302 557 346 primus
582 312 672 337 nova
697 312 781 347 opus
808 312 880 336 esse
906 301 1029 337 codicis
1064 302 1258 338 conlatione
1291 305 1325 338 et
1356 301 1460 337 intel-

259 359 344 393 lexit
370 361 405 393 et
431 358 569 393 disertis
594 358 770 393 confessus
802 360 855 393 est
886 357 1000 393 verbis
1014 352 1050 404 ¹)]
1103 359 1265 403 Superest
1295 359 1388 394 enim
1414 379 1460 384 —

262 417 301 449 ut
326 415 433 460 ipsius
460 414 575 451 verbis
601 417 679 450 utar
703 436 750 440 —
769 415 923 460 profecto
948 426 1018 450 non
1049 415 1216 451 mediocre
1239 416 1460 451 variantium

261 473 444 508 lectionum
468 472 705 518 spicileyium,
732 473 822 516 quod
853 472 948 507 alias
972 484 1109 508 summa
1135 472 1316 508 industria
1340 476 1371 509 et
1392 473 1461 519 fide

258 542 281 563 a
312 541 365 564 me
401 529 612 565 exhibebitur
650 531 689 564 in
722 530 899 573 peculiari
935 530 1090 574 quadam
1128 525 1384 566 Dissertatione
1420 530 1461 565 de

258 587 436 622 duodecim
467 587 648 623 Codicibus
679 588 802 624 MStis
832 587 1014 623 Historiae
1039 587 1221 623 Romanae
1247 587 1322 622 Titi
1353 586 1459 630 Livii,

258 644 321 687 qui
346 655 420 679 una
445 655 523 679 cum
548 645 699 690 triyinta
730 645 861 679 duobus
885 645 1037 680 eiusdem
1062 644 1245 681 Historiae
1268 644 1461 688 primariis

258 700 468 737 editionibus
491 702 673 746 impressis
698 702 738 736 in
763 702 1028 747 Augustissima
1053 702 1271 737 Bibliotheca
1289 700 1460 736 Caesarea

256 761 494 793 asservantur.
546 759 613 795 Sed
646 759 823 804 promissis
856 770 923 795 non
956 759 1056 795 stetit
1087 758 1313 795 Lambeccius
1338 759 1457 803 itaque

258 815 390 851 sactum
415 818 485 859 est,
513 819 552 852 ut
578 818 677 852 unius
703 819 840 852 tantum
867 817 933 853 loci
967 817 1073 863 (XLI,
1100 818 1132 859 9,
1162 817 1325 858 11-12)
1352 816 1460 860 scrip-

258 875 377 908 turam
407 875 596 919 genuinam
628 885 648 909 a
680 875 883 910 Lambeccio
908 875 1037 920 publici
1072 876 1157 909 iuris
1193 875 1324 909 factam
1361 873 1460 908 hodie

258 929 465 973 habeamus,
494 941 598 975 quam
624 931 647 965 1.
674 942 701 966 c.
728 932 873 966 inseruit
898 930 1092 966 Comment.
1120 931 1209 966 libro
1236 931 1346 965 alteri.

374 1006 472 1050 Quod
500 1006 723 1042 Lambeccius
749 1007 968 1052 promiserat,
995 1009 1073 1052 post
1099 1017 1178 1042 eum
1204 1007 1389 1052 adgressus
1407 1009 1459 1042 est

260 1063 505 1105 Gentilottius3
549 1066 700 1099 testatur
738 1065 830 1099 enim
861 1064 1177 1106 DrakenborchiuS,
1217 1063 1276 1108 qui
1318 1064 1460 1099 editioni

264 1131 368 1165 quam
394 1121 540 1166 parabat
576 1121 740 1157 Livianae
776 1122 938 1157 lectiones
965 1123 1137 1156 variantes
1176 1121 1349 1166 acquirere
1382 1122 1458 1155 stu-

263 1179 339 1212 duit
364 1178 492 1213 codicis
516 1179 653 1213 Liviani
680 1178 969 1222 Vindobonensis,
1004 1189 1065 1223 spe
1091 1179 1296 1214 frustratum
1322 1188 1356 1213 se
1382 1178 1458 1213 ideo

258 1246 339 1277 esse,
355 1236 445 1279 quod
469 1236 649 1271 variantes
666 1236 766 1271 unici
784 1236 887 1271 istius
906 1236 1034 1271 codicis
1051 1235 1209 1271 lectiones
1225 1247 1248 1270 a
1265 1235 1461 1270 clarissimo

259 1292 461 1327 Gentilottio
500 1293 656 1328 collectae
690 1294 949 1328 continuationi
982 1292 1318 1328 Commentariorum
1350 1291 1460 1326 Lam-

261 1349 483 1384 becianorum
508 1350 713 1385 inserendae
737 1352 847 1385 essent
872 1361 978 1394 eaque
1011 1349 1228 1385 continuatio
1253 1349 1333 1393 jam
1360 1348 1460 1393 prelo

251 1409 389 1450 parata
413 1407 669 1452 Auyustissimi
695 1408 927 1451 Imperatoris
952 1407 1074 1443 Caroli
1110 1407 1169 1441 VI.
1202 1406 1370 1441 mandato
1395 1406 1458 1441 ad-

258 1462 323 1497 hue
348 1463 497 1498 tenebris
522 1466 738 1507 premeretur
749 1464 789 1510 ²).
840 1463 903 1499 Sed
939 1464 1085 1499 conlatio
1118 1474 1137 1498 a
1171 1462 1379 1498 Gentilottio
1404 1463 1459 1497 in-

257 1520 381 1555 stituta
419 1531 607 1565 numquam
645 1521 682 1556 in
720 1522 833 1556 lucem
871 1521 998 1565 prodiit
1030 1531 1093 1556 nec
1124 1521 1205 1566 quid
1239 1521 1298 1556 isti
1325 1520 1458 1555 factum

257 1578 302 1611 sit
333 1578 473 1612 scimus.
527 1578 647 1626 Itaque
685 1588 748 1612 nec
773 1578 1069 1613 Drakenborchius
1105 1578 1230 1612 codicis
1255 1577 1460 1621 inspiciendi

260 1633 395 1678 copiam
428 1634 597 1677 obtinuit,
636 1634 695 1679 qui
721 1636 760 1669 ut
791 1635 826 1670 id
852 1636 1054 1680 impetraret
1080 1633 1167 1669 nihil
1199 1634 1332 1679 reliqui*
1357 1632 1458 1668 fecis-

256 1691 324 1734 set,
361 1702 471 1736 neque
498 1693 557 1737 qui
582 1692 727 1737 proximi
754 1695 839 1741 post(
862 1703 939 1727 eum
972 1692 1062 1727 hanc
1087 1692 1250 1727 decadem
1275 1691 1459 1727 Livianam

256 1750 453 1784 tractarunt
478 1751 550 1794 ipso
576 1749 630 1784 usi
667 1751 748 1784 sunt
780 1749 907 1785 codice.
957 1750 1162 1784 Persuasum
1188 1749 1280 1784 enim
1305 1748 1347 1783 iis
1374 1749 1458 1791 erat,

255 1806 283 1841 si
317 1816 357 1841 ex
391 1808 491 1842 unius
524 1807 589 1842 viri
616 1807 707 1842 docti
741 1807 856 1843 verbis
890 1809 930 1843 de
964 1806 1125 1843 omnibus
1157 1806 1246 1842 ferre
1271 1806 1354 1842 licet
1379 1816 1459 1841 sen-

255 1864 414 1907 tentiam,
442 1865 482 1898 in
510 1865 731 1909 yravioribus
755 1865 980 1910 corruptelis,
1018 1865 1124 1899 etiam
1149 1865 1204 1899 hic
1228 1874 1362 1898 omnem
1386 1873 1459 1897 rem

253 1920 302 1954 ad
339 1931 485 1956 acumen
517 1921 678 1957 criticum
708 1922 822 1957 redire
832 1921 873 1968 ³).
909 1943 954 1947 —
987 1921 1074 1958 Cum
1107 1921 1213 1967 igitur
1246 1923 1280 1955 et
1318 1920 1361 1955 ad
1395 1919 1460 1954 im-

255 1979 459 2022 petrandam
499 1980 626 2015 codicis
658 1979 865 2024 inspiciendi
891 1980 1027 2024 copiam
1060 1980 1173 2023 ipsius
1206 1976 1460 2023 Auyustissimi

256 2033 487 2078 Imperatoris
516 2036 620 2071 venia
663 2038 694 2070 et
730 2036 917 2080 diplomate
953 2047 1039 2080 opus
1076 2038 1158 2070 esset
1195 2038 1230 2071 et
1267 2034 1335 2070 viri
1366 2033 1460 2069 docti

375 2191 398 2226 ¹)
420 2189 464 2219 Cf.
491 2191 651 2220 Oomment.
674 2190 694 2218 l.
716 2189 764 2219 ΙΙ.
786 2198 813 2227 p.
835 2191 890 2219 847
911 2189 956 2220 ed.
977 2189 1030 2219 alt.

373 2249 395 2282 2)
415 2247 461 2277 Cf.
482 2247 555 2278 edit.
576 2247 655 2277 Livii
678 2246 950 2278 Drakenborchian.
972 2247 1005 2277 T.
1028 2247 1093 2277 XV.
1116 2245 1208 2284 praef.
1224 2245 1261 2274 ad
1276 2245 1342 2274 lect.

372 2305 394 2342 ³)
416 2305 462 2334 Cf.
494 2305 735 2334 Emendationes
766 2305 927 2334 Livianae.
976 2304 1106 2342 Scripsit
1142 2304 1180 2333 G.
1217 2303 1253 2332 L.
1287 2302 1456 2332 Walchius.

257 2352 352 2383 Berol.
375 2355 458 2384 1815.
