1721 2727
76 242 164 299 gssdjlcii
161 245 248 294 εωειῐιξί
372 236 454 271 Jam
480 237 666 282 quaeritur,
694 238 775 282 quid
801 238 865 273 sibi
885 239 992 273 velint
1016 239 1151 274 numeri
1178 239 1294 277 Ι-ΧΙ
1315 251 1334 276 a
1352 251 1457 276 manu

93 306 154 323 saec
172 301 230 322 vm
257 293 387 328 saeculi
400 294 513 329 octavi
525 294 660 330 additi?
678 294 924 338 Quaterniones
938 297 1140 330 octonorum
1155 296 1342 332 foliorum·
1334 299 1375 333 iis
1392 307 1460 333 non

258 350 473 395 significari
458 360 504 386 m
500 351 692 396 propatulo
708 355 776 392 est3
797 362 877 386 nam
892 352 1045 386 codicem
1057 353 1140 387 tunc
1153 354 1313 389 undecim
1324 356 1461 390 tantum

259 407 764 455 constitisse-quiteffiionsbus
797 408 852 444 vix
884 409 1066 454 quisquam
1091 409 1220 445 credet.
1246 410 1328 446 Alia
1352 411 1462 458 igitur

260 466 452 509 quaerenda
481 465 535 501 est
567 475 635 509 qua
661 466 875 511 explicentur
905 467 1004 502 ratio.
1046 467 1161 511 Atque
1188 469 1227 502 ut
1253 467 1462 514 incipiamus

260 522 302 556 ab
326 522 380 563 iiS,
408 521 466 565 qui
492 522 612 557 contra
636 522 796 568 regulam
822 524 856 557 in
883 523 974 557 foliis
1000 523 1104 558 rectis
1130 523 1400 568 conspiciuntur,
1425 526 1462 561 in
1509 545 1511 548 ·

260 589 401 613 numero
429 578 438 615 Ι
466 578 546 614 folio
573 580 663 623 quod
688 590 760 614 esse
785 579 975 624 putabatur
999 581 1151 625 primum
1178 581 1314 625 adpict'o
1340 592 1462 627 quem-

260 646 365 679 quam
390 635 606 670 haesiturum
632 639 846 682 negaverim
873 638 963 681 quod
988 640 1105 673 autem
1131 648 1295 673 numerus
1320 639 1360 675 ΧΙ
1381 649 1462 674 con-

261 694 317 725 tra
341 692 499 737 regulam
526 693 559 726 in
588 692 670 727 folio
702 693 766 728 188
792 695 931 736 recto,
959 704 1026 729 non
1044 705 1135 737 vero,
1157 697 1194 729 ut
1211 686 1463 740 exspectaveris

260 747 296 783 in
322 749 490 794 postremi
516 749 590 785 folii
615 750 804 795 posteriore
829 750 973 796 pagina,
1000 754 1162 787 exaratus
1186 753 1339 797 proxime
1364 762 1463 796 prae-

262 806 417 841 cedentis
444 806 520 841 folii
547 807 667 851 (187v)
688 818 869 843 numerum
889 808 1025 853 echpit,
1046 809 1199 844 indicare
1218 809 1368 851 videtur,
1383 819 1462 843 cum

262 863 388 899 codicis
422 863 582 899 fasciculi
612 866 908 909 componerentur,
943 866 1064 901 decem
1091 865 1289 901 constitutis
1316 876 1383 901 non
1409 868 1462 901 tot

262 920 467 965 superfuisse
505 921 605 963 folia,
646 922 736 956 unde
775 922 961 957 fasciculus
997 924 1121 957 ceteris
1159 933 1222 967 par
1259 922 1465 959 efficeretur.

261 977 439 1013 Nimirum
479 979 542 1013 hac
580 979 848 1023 quaternionum
880 978 1120 1014 coniunctione
1154 980 1235 1015 novi
1266 981 1465 1025 compinge-

262 1035 392 1070 bantur
417 1036 584 1077 fasciculi,
611 1037 669 1080 qui
694 1036 848 1071 numeris
882 1035 996 1073 Ι-ΧΙ
1031 1035 1270 1081 signabantur.
1310 1036 1465 1072 Numero

263 1103 344 1127 vero
386 1092 425 1129 ΧΙ
469 1093 634 1127 maiorem
682 1102 749 1127 non
791 1092 895 1127 fuisse
938 1093 1172 1138 adscriptum,
1224 1094 1304 1128 inde
1347 1094 1464 1129 verisi-

264 1150 346 1183 mile
373 1149 430 1192 fit,
448 1151 547 1194 .quod
572 1151 601 1184 is
628 1160 791 1185 numerus
817 1151 954 1195 praeter
971 1160 1065 1185 num.
1085 1150 1094 1187 Ι
1116 1161 1203 1185 unus
1230 1152 1404 1186 invenitur
1429 1150 1466 1185 in

263 1207 390 1252 pagina
408 1217 511 1252 quam
539 1209 664 1242 vocant
692 1217 790 1242 versa
806 1208 910 1253 atque
928 1207 977 1242 ita
995 1207 1178 1254 significat,
1196 1218 1262 1243 non
1281 1210 1333 1244 tot
1351 1209 1468 1244 secuta

262 1275 339 1298 esse
373 1264 473 1306 folia,
518 1265 603 1309 quot
641 1264 726 1299 alibi
762 1264 908 1310 singulis
940 1275 1165 1299 numerorum
1196 1266 1301 1310 signis
1336 1265 1372 1299 in
1397 1266 1466 1300 sin-

264 1322 364 1367 gula,
391 1323 430 1356 ut
457 1321 505 1356 ita
538 1321 668 1363 dicam,
704 1320 867 1356 foliorum
901 1331 1042 1367 corpora
1078 1321 1466 1366 comprehendebantur.

263 1379 352 1414 Cum
377 1380 486 1424 igitur
512 1379 691 1415 fasciculos
716 1379 809 1415 inter
834 1389 869 1414 se
895 1390 994 1425 pares
1020 1379 1210 1426 significari
1240 1380 1283 1415 iis
1315 1379 1467 1415 numeris

262 1440 400 1482 pateat,
428 1438 531 1472 codex
556 1437 615 1471 illo
641 1438 794 1481 tempore
819 1446 887 1471 non
913 1436 1062 1482 amplius
1087 1437 1222 1482 integer
1247 1437 1325 1472 fuit.
1376 1437 1469 1472 Nam

265 1496 294 1529 si
323 1495 429 1530 trium
456 1495 721 1539 quaternionum
748 1493 931 1529 fasciculos
957 1493 1102 1539 singulis
1129 1494 1371 1539 comprehendi
1404 1504 1468 1528 nu-

266 1553 371 1587 nwris
402 1552 579 1597 ponimus,
620 1552 699 1596 quia
732 1552 892 1587 undecim
931 1552 1071 1587 tantum
1098 1551 1268 1586 habemus
1295 1561 1467 1593 numerOS,

266 1609 382 1644 decem
403 1609 585 1644 fasciculos
603 1610 659 1644 vel
677 1609 824 1655 triginta
840 1610 1084 1654 quaterniones
1102 1609 1334 1644 nanciScimur
1354 1611 1389 1643 et
1406 1610 1470 1643 ali-

266 1669 350 1710 quot
369 1666 461 1707 folia,
478 1676 564 1711 quae
579 1677 722 1701 numero
737 1666 776 1703 ΧΙ
795 1665 1025 1708 notabantur;
1044 1666 1073 1700 si
1092 1666 1196 1700 codex
1210 1666 1327 1700 autem
1345 1665 1470 1700 fuisset
1521 1658 1524 1662 ’

269 1724 416 1767 integer,
445 1734 484 1757 ex
509 1722 659 1757 XXXIV
677 1724 751 1757 eius
778 1723 1063 1767 quaternionibus
1092 1722 1257 1757 constitui
1282 1722 1470 1767 potuerunt

267 1782 427 1816 undecim
452 1780 610 1816 fasciculi
636 1782 670 1815 et
695 1781 827 1824 aliquot
852 1779 948 1822 folia,
976 1779 1100 1824 quibus
1120 1778 1336 1824 bibliopegus
1353 1779 1472 1814 noster

268 1848 449 1873 numerum
476 1837 531 1875 ΧΙΙ
558 1837 748 1883 praefigere
774 1837 930 1873 debebat.
981 1837 1164 1873 Praeterea
1189 1837 1321 1872 statum
1346 1836 1469 1872 codicis

267 1896 335 1931 inin
355 1896 430 1931 tum
449 1895 553 1931 fuisse
571 1896 753 1932 turbatum
771 1895 871 1931 facile
892 1894 1111 1940 intellegitur
1130 1894 1283 1940 inspecto
1302 1895 1337 1930 et
1352 1895 1470 1934 ordine

269 1945 334 1998 quo
360 1964 396 1988 se
423 1953 610 1999 excipiunt'
624 1954 759 1989 numeri
786 1954 820 1987 et
846 1953 929 1995 loco,
955 1963 1058 1998 quem
1084 1963 1247 1987 numerus
1266 1949 1347 1989 Vlffl
1367 1962 1470 1987 occu-

257 2013 341 2056 pat.
393 2011 483 2046 Nam
515 2021 595 2046 cum
626 2020 789 2045 numerus
822 2011 859 2047 ΙΙΙ
895 2000 1092 2045 inveniatur
1117 2011 1151 2045 in
1186 2009 1311 2044 ultima
1344 2010 1471 2055 pagina

268 2068 503 2114 quaternionis
545 2068 614 2104 XII
657 2075 690 2104 et
732 2068 782 2105 ita
823 2068 922 2104 hodie
961 2078 1145 2104 numerum
1186 2067 1212 2104 V
1251 2066 1471 2112 quaternioni

269 2202 431 2240 profectam
465 2201 671 2239 pinguioribus
702 2209 771 2230 vero
800 2200 895 2238 signis
931 2201 950 2236 (Ι
986 2201 1004 2232 ΙΙ
1039 2200 1071 2231 ΙΙΙ
1107 2200 1151 2231 ΙΙΙΙ
1170 2222 1176 2229 .
1194 2221 1201 2229 .
1220 2222 1227 2229 ,
1249 2200 1291 2237 .),
1325 2198 1399 2237 q'uae
1429 2198 1473 2228 fo-

268 2251 375 2280 liorum
405 2250 534 2279 numeris
565 2249 706 2286 adscripsi
728 2250 763 2285 (e.
790 2258 818 2286 g.
842 2248 910 2286 580)
936 2258 985 2278 cos
1011 2248 1189 2286 signifacavi
1216 2256 1367 2281 numeros,
1400 2255 1472 2284 quos

269 2299 349 2325 ortos
370 2297 407 2326 ab
427 2301 545 2325 auctore
573 2296 800 2333 subscriptionis
828 2297 997 2333 suspicatus
1024 2305 1098 2324 sum.
1140 2295 1221 2330 Quae
1246 2294 1332 2323 uncis
1359 2294 1466 2323 inclusi

267 2345 300 2374 in
321 2343 419 2374 codice
440 2353 498 2373 uon
520 2342 668 2373 habentur
688 2343 811 2381 scripta.
