1721 2727
71 311 138 336 XLV,
155 313 191 338 24,
203 313 240 335 12.

735 203 971 238 *90-

370 306 445 340 Iam
463 310 677 342 revertamur
701 307 744 342 ad
763 306 1314 351 exemplumOONlUGUMQUE
1332 309 1451 352 (XLV,

253 360 317 404 24,
354 362 433 404 12),
473 363 560 398 unde
595 364 739 408 profecti
766 373 894 405 sumus,
921 361 1217 408 GONIUGQUE
1250 364 1314 401 hoc
1346 366 1451 403 scribi

253 419 405 462 potuisse
447 421 597 463 probare.
633 422 744 455 conati
782 423 827 463 (p.
870 420 944 465 63).
1008 419 1137 462 Quodsi
1178 422 1374 456 statuamus
1416 424 1451 458 in

252 476 369 511 eadem
415 486 495 511 voce
530 477 720 521 scripturae
754 476 998 522 compendium
1032 476 1135 519 illud,
1179 487 1245 522 quo
1278 479 1366 514 duae
1392 478 1451 514 lit-

251 536 343 569 terae
393 534 457 572 UG
508 534 770 579 significantur,
828 534 879 570 ita
928 535 969 570 ut
1017 534 1166 570 formam
1213 534 1452 572 nanciscamur

250 590 493 634 CONI-QUE,
521 592 590 625 iam
615 591 769 636 adparet,
794 591 977 627 librarium
1002 592 1173 636 quendam
1198 591 1358 628 lacunam
1384 603 1452 627 non

248 649 343 691 post
368 646 523 682 litteram
548 647 576 690 Ι,
603 648 662 683 sed
689 650 796 682 ante
821 658 896 683 eam
921 648 1038 683 adesse
1064 650 1180 683 ratum
1205 649 1285 684 inde
1303 648 1451 684 formam

249 704 316 739 sibi
343 704 481 739 finxisse
506 704 751 749 CONffitIQUE
763 704 799 748 ¹).

362 771 605 815 Quaerendum
630 772 741 816 igitur
766 773 830 814 est,
857 782 971 807 annon
996 782 1036 807 ex
1061 773 1256 817 corruptela
1280 772 1450 808 GOLEN-

248 828 475 873 DIITAQUE
502 830 621 864 eodem
645 830 745 864 modo
764 838 828 864 vox
846 830 927 874 apta
951 828 1029 864 elici
1042 829 1161 874 possit,
1188 829 1239 864 ita
1256 829 1395 875 quidem
1412 831 1451 865 ut

182 892 184 895 ·
247 887 342 932 origo
377 887 500 921 erroris
535 887 772 931 perspiciatur.
822 886 928 922 Cuius
954 897 1035 921 vero
1061 887 1212 922 notionis
1240 897 1301 922 vox
1327 887 1448 929 lateat,

247 943 398 977 divinari
435 942 520 977 licet
551 954 591 977 ex
624 942 698 977 loco
734 942 915 977 simillimo
947 943 1052 985 XLV,
1080 944 1137 986 25,
1166 943 1220 987 12,
1246 943 1307 979 ubi
1333 943 1451 978 Livius

246 1000 463 1035 Rhodiorum
488 999 790 1035 ratiocinationem
815 999 879 1035 hoe
897 1000 999 1035 modo
1017 999 1142 1035 refert:
1171 1000 1256 1035 Non
1274 1001 1325 1035 ita
1341 1000 1450 1046 fracti

246 1057 363 1090 animi
387 1057 540 1091 civitatis
564 1058 667 1090 erant
691 1058 730 1090 at
754 1067 825 1091 non
856 1056 1041 1101 sentirent,
1079 1057 1111 1091 si
1145 1056 1257 1101 Lycia
1281 1059 1312 1092 et
1340 1056 1450 1092 Caria

246 1113 426 1157 ademptae
451 1113 494 1148 ab
519 1112 693 1148 Romanis
724 1114 856 1157 forent,
897 1115 1008 1148 cetera
1044 1116 1107 1148 ant
1140 1124 1175 1148 se
1199 1116 1279 1158 ipsa
1301 1125 1365 1157 per
1390 1114 1448 1148 de-

244 1170 424 1214 fectionem
450 1170 639 1205 liberarent
664 1173 726 1204 aut
751 1182 774 1204 a
797 1170 966 1214 finitimis
990 1173 1253 1214 occuparentur,
1278 1171 1323 1205 in
1331 1182 1348 1206 c
1356 1171 1368 1206 l
1376 1183 1400 1205 a
1407 1171 1431 1205 d
1437 1171 1452 1205 i

245 1237 285 1262 se
312 1227 490 1262 insulae
510 1238 681 1271 parvae
705 1229 743 1262 et
768 1227 946 1262 sterilis
970 1228 1070 1273 ayri
1097 1228 1327 1270 litoribus,
1345 1238 1451 1272 qaae

245 1295 524 1329 nequaquam
549 1284 671 1319 alere
696 1287 850 1319 tantae
874 1285 1000 1321 urbis
1019 1285 1232 1329 populum
1252 1287 1398 1330 posset
1410 1284 1449 1327 ⁹).

245 1407 399 1436 Natarum
420 1406 557 1436 latercul.
580 1406 598 1436 l.
620 1415 644 1436 c.
664 1415 692 1443 p.
715 1409 783 1438 271)
814 1406 849 1436 de
870 1407 1010 1445 cuiusque
1037 1407 1068 1436 in
1100 1407 1240 1437 notandis
1262 1407 1450 1445 paucioribus

247 1455 360 1483 litteris
381 1455 502 1483 vocibus
517 1454 673 1483 voluntate
693 1454 841 1492 loquitur:
869 1455 926 1484 Est
948 1455 1036 1484 etiam
1056 1456 1139 1485 circa
1154 1455 1385 1492 perscribendas
1404 1455 1451 1485 vel

242 1502 443 1540 panc-toribus
462 1502 573 1531 litteris
592 1502 746 1531 notandas
759 1511 843 1532 voces
856 1502 995 1532 stadium
1009 1504 1211 1532 necessarium
1223 1526 1230 1532 .
1242 1503 1322 1540 qaod
1332 1503 1451 1540 partim

244 1559 303 1587 pro
323 1550 477 1579 voluntate
496 1550 642 1587 cuiusque
666 1550 718 1586 fit,
750 1550 864 1587 partim
886 1558 946 1587 pro
967 1559 1026 1579 usu
1045 1551 1164 1587 publico
1195 1554 1222 1580 et
1247 1551 1452 1581 observatione

244 1598 409 1627 communi.
423 1619 448 1625 ..
480 1618 486 1623 .
503 1598 544 1626 act
563 1606 639 1634 qaas
658 1598 830 1627 notationes
849 1598 985 1635 publicas
1004 1598 1119 1627 accedit
1139 1599 1230 1627 etiam
1249 1599 1451 1628 studiosorum

244 1646 405 1675 voluntas:
432 1645 485 1674 sed
504 1646 710 1682 unusquisque
738 1646 909 1681 familiares
933 1646 993 1674 sibi
1018 1649 1107 1675 notas
1122 1655 1183 1682 pro
1203 1646 1357 1675 voluntate
1376 1654 1452 1682 quas

243 1693 374 1730 siynarit
388 1693 635 1729 comprehendere
647 1693 802 1729 infinitam
816 1696 867 1721 est.
882 1693 980 1730 Atque
991 1693 1122 1730 profecto
1132 1692 1284 1730 archetypi
1293 1692 1451 1721 librarium

243 1749 329 1769 usum
350 1749 412 1768 esse
432 1749 455 1768 e.
468 1748 498 1776 g.
514 1739 546 1768 in
567 1740 697 1768 notanda
717 1748 785 1768 voce
805 1739 1041 1769 MACEDONIA
1061 1739 1192 1777 dupplici
1206 1740 1378 1777 compendio
1392 1739 1451 1778 (vel

244 1786 452 1817 MA0·D0N1A
473 1787 520 1816 vel
541 1785 757 1824 MACEDWIA)
778 1796 867 1824 supra
887 1787 1014 1816 vidimus
1036 1786 1085 1824 (cf.
1106 1796 1133 1824 p.
1156 1790 1201 1823 67,
1223 1790 1268 1825 70,
1291 1789 1348 1822 71).

362 1855 382 1889 ¹)
404 1852 542 1882 Ceterum
562 1862 616 1890 per
637 1861 667 1881 se
687 1855 771 1889 patet
791 1862 849 1882 non
877 1853 973 1882 eidem
1005 1853 1129 1882 librario
1156 1856 1186 1882 et
1212 1854 1387 1891 compendia
1417 1855 1449 1883 et

244 1910 370 1930 errorem
404 1901 524 1930 insertis
553 1900 667 1930 litteris
698 1901 808 1938 ineptis
840 1901 1029 1930 commissum
1048 1902 1051 1905 '
1067 1901 1178 1930 deberi.
1219 1901 1365 1938 Equidem
1394 1901 1450 1930 hoc

244 1949 347 1978 ordine
369 1948 515 1986 paulatim
536 1950 657 1977 enatam
678 1957 739 1977 esse
761 1948 927 1986 putaverim
942 1948 1069 1978 formam
1083 1949 1167 1978 illam
1182 1950 1360 1986 corruptam,
1375 1956 1450 1986 quae

245 1997 332 2026 hodie
353 1997 382 2026 in
405 1996 504 2026 codice
525 1996 652 2034 legitur:

529 2053 771 2090 CONIUMQUE
794 2055 842 2091 (=
863 2054 1140 2097 CON1=³UMQUF3>

528 2101 623 2130 Com
640 2112 646 2118 -
662 2101 741 2137 QUE

530 2149 744 2186 CONffi‘IQUE.

358 2219 381 2252 ²)
404 2217 509 2246 Vocem
531 2215 712 2251 lNOPIAM,
734 2226 822 2253 quam
844 2217 931 2245 codex
952 2218 971 2246 l.
989 2227 1013 2246 c.
1029 2217 1156 2254 exhibet,
1177 2226 1235 2245 non
1257 2225 1319 2245 esse
1339 2225 1450 2245 meram

244 2264 508 2302 interpolationem
528 2264 598 2292 locis
620 2273 709 2301 quam
730 2264 868 2301 plurimis
889 2263 1041 2301 probabile
1072 2263 1119 2299 fit,
1159 2265 1190 2292 in
1217 2263 1326 2300 quibus
1354 2263 1447 2292 simili

241 2311 327 2340 modo
356 2311 497 2341 librarius
526 2311 730 2348 compendium
753 2311 916 2348 scripturae
938 2311 1047 2340 litteris
1068 2320 1085 2339 a
1106 2320 1174 2341 voce
1195 2310 1324 2348 quadam
1345 2310 1448 2340 vicina

243 2360 380 2397 repetitis
394 2359 522 2398 explevit
538 2359 674 2395 (cf.infra
686 2369 712 2397 p.
724 2361 800 2396 114).
817 2359 910 2395 Quare
923 2359 1096 2389 INOPIAM
1112 2358 1259 2388 abundare
1270 2359 1449 2396 negaverim,

240 2408 332 2436 immo
351 2408 468 2437 conlato
482 2407 572 2443 XLV,
587 2410 633 2443 25,
648 2408 683 2436 12
699 2408 891 2445 depravatum
909 2408 1068 2437 censuerim
1084 2416 1116 2436 ex
1134 2405 1353 2444 INCULTAM,
1374 2415 1449 2444 quae
