1721 2727
788 211 1025 248 ——12—

303 310 410 347 fuisse
435 322 478 347 ne
505 313 714 355 statuamus,
739 314 877 355 vetant,
903 322 991 358 quae
1016 312 1052 349 in
1079 315 1200 351 eadem
1224 314 1299 350 vita
1323 315 1503 360 leguntur:

302 367 443 405 Deinde
466 372 656 405 senescente
678 380 723 404 veo
748 369 787 416 (i.
820 381 848 405 e.
873 381 901 405 s.
919 370 1159 417 willibrordo)
1193 371 1234 406 in
1258 382 1357 415 opere
1380 370 1451 407 Dei
1475 372 1506 407 a

304 425 459 460 stabilito
482 426 683 470 episcopatu
714 425 756 460 in
779 425 867 468 loco,
901 426 965 470 qui
989 429 1219 470 nuncupatur
1244 427 1444 472 Trajeetum
1474 428 1506 462 et

302 482 377 517 alio
407 482 549 517 nomine
576 482 775 528 Wiltabury
807 485 838 517 et
862 483 1038 528 miyrante
1067 483 1116 518 ad
1140 482 1338 519 Dominum
1368 484 1410 520 de
1440 483 1506 520 hae

303 538 386 583 luce,
411 539 571 574 successit
583 549 611 574 s.
626 539 841 584 Bonifacius
858 539 950 575 idem
966 539 1245 585 archiepiscopus
1267 543 1298 575 ct
1319 539 1503 587 martyr¹);

303 594 392 631 Cum
417 595 525 641 igitur
550 596 648 631 nulla
672 596 812 632 omnino
837 596 1002 642 adpareat
1028 607 1143 639 causa,
1161 597 1204 634 ob
1221 607 1326 642 quam
1350 597 1506 634 Theat-

303 651 451 687 bertus
489 652 568 697 ille,
607 653 638 688 si
670 652 793 688 fuisset
824 653 1002 698 episcopus
1039 654 1274 695 Traiectinus‚
1317 663 1386 689 non
1424 653 1506 689 sub*

303 709 493 754 scripturus
525 709 633 745 fuerit
669 709 820 754 episcopi
861 709 1072 753 Traicetini,
1115 710 1176 746 sed
1211 701 1272 754 ἦῆ·
1291 709 1504 752 dedorostat,

303 765 525 801 temerariam
558 766 751 801 censuerim
785 776 857 801 esse
887 767 1076 808 rationem,
1103 777 1224 812 quam,
1251 768 1290 802 ut
1315 766 1507 802 removeret

303 822 538 866 difficultates,
564 823 697 860 Jaffeus
723 823 814 859 iniit.
855 823 944 868 Quid
970 824 1079 869 igitur
1104 824 1326 860 faciendum?

418 890 516 925 Inter
541 891 717 935 episcopos
744 890 1011 933 Ultraiectinos‚
1047 891 1107 936 qui
1141 891 1253 927 altero
1286 891 1507 926 enumeratur

133 954 160 971 ⁰⁰
178 955 236 999 ¹3:3¹
260 945 416 989 Θ-10(;ο”)
453 957 481 982 s.
508 946 715 992 Gregorium
746 957 814 983 non
846 948 1059 994 episcopum,
1094 948 1155 983 sed
1186 948 1349 985 abbatem
1373 949 1408 982 et
1432 956 1508 982 rec·

307 1006 417 1039 torem
448 1005 690 1040 tantummodo
722 1005 828 1041 fuisse
860 1005 1027 1040 ecelesiae
1055 1004 1305 1041 Ultraiectinae
1341 1004 1394 1039 his
1426 1011 1507 1039 eona

306 1061 439 1096 firmari
475 1063 590 1106 potest
626 1063 850 1106 argumentis.
901 1062 1054 1097 Lullus
1091 1060 1297 1107 Gregorium
1328 1060 1507 1106 epistulae,

305 1128 409 1163 quam
447 1118 492 1153 ad
530 1129 610 1153 eum
644 1118 739 1153 intra
763 1129 871 1155 annos
915 1118 1136 1155 755—752
1162 1118 1276 1164 dedit,
1318 1117 1420 1153 initio
1457 1117 1508 1152 ita

306 1175 523 1221 adloquitur:
552 1175 682 1211 Clarae
700 1175 834 1226 Christi
858 1176 1017 1211 ccclesiae
1042 1175 1204 1220 lampadi
1230 1175 1396 1221 luciferae
1419 1184 1508 1210 meo·

303 1243 368 1276 que
399 1232 440 1266 in
464 1232 627 1268 doctrina
652 1232 795 1267 divinae
821 1233 905 1278 leyis
929 1233 1123 1268 doctissimo
1148 1233 1306 1268 adiutori
1331 1232 1509 1278 Greqorio,

303 1289 482 1333 duplici
527 1289 864 1333 presbiteratus
911 1290 1173 1334 abbatisque
1222 1289 1382 1324 honore
1430 1299 1507 1323 cum

301 1345 502 1389 precedente
532 1345 763 1390 propriorum
798 1346 1002 1381 meritorum
1033 1346 1204 1390 suffrayio
1234 1344 1435 1389 decorato³).
1465 1364 1506 1370 —-

305 1404 411 1438 Porro
453 1401 513 1448 qni
553 1402 664 1438 vitam
704 1412 732 1437 s.
770 1401 930 1449 Gregorii
976 1403 1113 1448 scripsit
1163 1402 1196 1437 b.
1230 1402 1415 1449 Liutgerus
1456 1401 1509 1436 di-

305 1460 459 1505 scipulus
485 1460 577 1502 eius,
605 1469 775 1504 nusquam
808 1470 888 1494 eum
918 1462 1019 1495 vocat
1051 1459 1265 1504 episcopum,
1304 1460 1364 1494 sed
1391 1459 1441 1494 ita
1467 1458 1509 1493 de

306 1528 343 1552 eo
385 1516 561 1562 loquitur:
607 1515 675 1551 Est
715 1515 804 1551 mihi
845 1526 955 1551 sermo
995 1516 1058 1550 iste
1098 1516 1139 1550 de
1177 1515 1302 1550 domno
1343 1514 1509 1560 Greyorio

304 1574 457 1609 abbate
493 1575 532 1609 et
562 1575 852 1618 praeceptore
890 1584 962 1608 mco
995 1572 1040 1608 ab
1076 1571 1294 1618 infantia⁴).
1325 1592 1371 1598 —
1408 1572 1511 1607 Inter

305 1643 388 1676 quos
425 1632 455 1668 b.
491 1631 683 1676 Greyorius
717 1634 882 1667 columna
920 1630 1099 1666 Ecclesiae
1134 1631 1206 1666 Dei
1243 1630 1407 1665 inventus
1442 1631 1511 1664 est:

305 1689 367 1733 qui
401 1689 442 1723 in
478 1688 597 1723 diebus
628 1688 885 1734 reliyiosissimi
921 1688 1013 1733 reyis
1036 1687 1192 1732 Pippini
1222 1686 1403 1722 succedens
1433 1697 1510 1721 ona-³

304 1745 436 1790 qistro,
483 1745 602 1790 yenti
653 1745 928 1780 Fresonum
974 1744 1162 1793 missus
1202 1746 1273 1779 est
1316 1743 1509 1788 praedi-

305 1801 482 1848 cator-⁵).
508 1820 553 1828 -·
580 1801 757 1838 Similiter
787 1804 817 1838 et
846 1802 965 1848 fidelis
993 1801 1191 1846 discipulus
1221 1801 1295 1846 ejus
1320 1801 1367 1846 (b.
1401 1800 1510 1836 Boni-

305 1860 400 1905 fatii)
420 1859 612 1904 Greyorius
636 1859 779 1904 adjutor
804 1859 1044 1905 infatiyabilis
1067 1860 1108 1894 in
1133 1869 1232 1904 opere
1245 1857 1316 1894 Dei
1331 1869 1409 1893 cum
1431 1869 1509 1892 mad

304 1919 413 1962 qistro
442 1916 617 1951 remansit
654 1917 690 1951 in
724 1917 879 1952 custodia
916 1917 951 1951 et
983 1916 1186 1952 educatione
1223 1916 1338 1960 gregis
1365 1914 1509 1957 Christi,

304 1974 420 2018 factus
444 1972 616 2009 secundus
637 1973 810 2020 pastor6).
839 1972 1067 2008 Consentiunt
1092 1973 1199 2009 etiam
1221 1971 1367 2009 Altfridi
1393 1973 1510 2014 verba,

423 2090 444 2124 ¹)
465 2086 512 2119 Cf.
534 2088 576 2118 ib.
597 2097 623 2118 c.
645 2090 690 2116 14.
713 2096 740 2124 p.
764 2086 828 2115 763.

423 2137 444 2173 ²)
466 2135 512 2166 Cf.
533 2135 625 2165 Gams
647 2135 669 2166 1.
690 2144 713 2164 c.

423 2183 445 2219 ³)
472 2182 518 2214 Cf.
547 2183 733 2213 Bibliotheca
758 2190 861 2212 rerum
893 2181 1146 2212 Germanicarum
1167 2180 1213 2210 ed.
1236 2180 1330 2216 Jaffe,
1350 2182 1421 2209 tom.
1443 2178 1511 2208 ΙΙΙ.

305 2231 511 2262 Monumenta
531 2231 729 2270 Moyuntina.
749 2230 889 2261 Berolim‘
908 2231 998 2260 1866.
1020 2245 1057 2251 —
1075 2228 1132 2259 Est
1158 2228 1237 2259 inter
1263 2237 1287 2257 s.
1307 2226 1454 2257 Bonifatii
1481 2229 1512 2257 et

307 2279 388 2309 Luni
409 2278 553 2317 epistulas
576 2281 639 2309 10³.
661 2288 688 2317 p.
711 2281 777 2309 270.
983 2310 986 2314 ,

424 2327 445 2364 ⁴)
466 2326 511 2356 Cf.
534 2326 613 2355 vitae
633 2326 661 2356 S.
683 2325 821 2363 Gregorii
844 2334 868 2354 c.
893 2328 935 2354 12.
958 2325 978 2353 1.
1000 2334 1024 2354 c.
1045 2333 1072 2361 p.
1095 2327 1150 2353 752
1171 2332 1235 2360 sqq.

423 2374 445 2409 ⁵)
466 2373 513 2403 Cf.
535 2373 574 2402 ib.
597 2382 625 2411 p.
648 2375 712 2402 ⁷53.

424 2421 446 2457 ⁶)
468 2420 512 2450 Cf.
533 2420 573 2449 ib.
595 2430 622 2458 p.
646 2422 708 2449 755.
