1721 2727
772 168 986 203 -6-

275 270 438 306 subtilius
488 281 591 315 quam
633 273 745 307 verius
786 283 807 307 a
847 271 947 308 nobis
990 283 1060 308 esse
1103 274 1321 318 excogitata,
1372 274 1477 309 etiam

275 327 466 372 diplomate
492 326 560 370 39,
587 329 646 363 ubi
670 327 902 373 theodbald
933 329 1025 364 inter
1049 328 1157 364 testes
1182 329 1321 375 legitur,
1340 331 1388 366 'de
1415 330 1476 365 do-

275 386 386 420 nando
413 391 496 431 agro
521 385 581 430 qui
607 385 648 420 in
672 385 764 421 uilla
789 385 883 421 uuiti
907 385 997 421 situs
1023 387 1078 422 est
1102 386 1230 432 agitur,
1264 389 1301 423 et
1325 378 1503 433 diploma'

275 442 306 485 3,
334 442 371 477 in
398 452 464 487 quo
489 442 788 477 theodbertum
821 443 994 488 quendam
1018 443 1231 487 invenimus,
1267 445 1308 478 in
1345 443 1480 478 auidu-

271 499 363 544 9ises
387 499 477 534 houa
502 499 673 545 scriptum
699 502 763 537 est.
795 498 951 546 Cumque
977 500 1131 546 diploma
1155 500 1213 544 40,
1240 511 1307 546 quo
1331 500 1479 536 theod-

270 557 386 602 ‚qrim
429 557 655 592 hereditatem
696 558 736 592 in
777 558 872 593 uilla
912 569 976 602 que
1016 558 1148 593 dicitur
1188 558 1289 593 arlo.
1305 558 1345 592 in
1382 570 1480 603 payo

273 613 412 649 threant
430 615 576 650 tradidit
595 614 805 651 monasterio
823 615 945 660 cuique
970 614 1091 650 theod
1098 615 1112 649 i
1137 614 1280 660 quidam
1302 614 1478 661 subscrip-

272 672 328 713 sit,
343 681 411 706 non
428 672 463 707 in
478 672 551 717 ipso
565 672 786 714 monasterio,
805 673 863 707 sed
881 673 919 707 in
945 682 1032 717 pago
1050 671 1342 717 mimiyernaford
1366 673 1476 717 scrip-

273 730 349 763 tum
376 729 434 773 sit,
462 729 579 772 etiam,
607 730 697 774 quod
721 729 765 764 ad
790 729 875 774 dipl.
893 729 940 763 42
969 729 1115 774 adtinet,
1142 729 1295 764 similem
1320 739 1477 772 causam,

272 796 340 830 qua
364 786 455 822 ratio
482 785 723 822 subscribendi
761 786 997 822 theodbald
1030 787 1229 832 explicetur,
1264 787 1383 824 licebit
1415 798 1473 822 su-

271 842 407 887 spicari.
426 843 719 878 Luculentissime
738 845 858 878 autem
876 844 959 878 haec
984 845 1164 886 sententia,
1184 855 1251 889 qua
1270 845 1474 889 scripturam

270 900 401 935 theod
428 911 467 935 ex
494 910 630 939 eorum.
669 900 728 945 qui
764 900 813 936 ita
846 900 1141 945 subscripserunt,
1168 901 1290 946 lingua
1315 902 1476 946 aliquan-

270 958 388 994 tulum
427 958 563 993 diversa
600 958 793 1003 profectam
831 968 906 994 esse
937 958 1172 1001 defendimus,
1211 960 1377 1003 probatur
1413 959 1480 994 illa

271 1014 551 1051 chartularii
584 1015 913 1051 Werthinensis
950 1016 1064 1059 parte,
1101 1025 1188 1059 quae
1213 1017 1304 1060 apud
1330 1016 1474 1050 Lacom-

269 1071 420 1107 bletium
445 1072 468 1106 1.
496 1082 524 1107 c.
552 1082 694 1107 numero
727 1072 784 1108 30.
809 1071 976 1117 insignita
1007 1071 1048 1107 de
1081 1071 1256 1106 holtscara
1282 1071 1321 1106 in
1358 1072 1478 1107 uuiti

270 1130 344 1173 agit
358 1129 403 1175 ¹);
441 1129 492 1164 ibi
528 1130 620 1164 enim
656 1130 714 1174 qui
746 1129 1101 1164 commemoratorium
1131 1130 1223 1164 istud
1260 1130 1476 1174 conscripsit,

268 1186 419 1220 fratrum
446 1187 602 1225 duorum,
629 1186 689 1230 qui
715 1186 925 1220 monasterio
951 1185 999 1219 ad
1028 1185 1107 1220 XX
1131 1195 1254 1228 porcos
1274 1185 1476 1229 pastionem-

267 1243 449 1286 donarunt,
475 1242 637 1284 alterum,
664 1243 723 1286 qui
748 1241 820 1286 ipse
846 1241 1052 1276 theodold
1077 1241 1283 1287 subscripsit
1294 1242 1319 1284 2)
1346 1252 1414 1277 non
1432 1253 1472 1277 ex

271 1299 367 1335 illius
399 1299 546 1336 dialecto
577 1299 873 1342 theodoldum,
906 1299 967 1335 sed
999 1309 1062 1335 sua
1095 1300 1204 1344 ipsius
1236 1299 1476 1336 Werthinensi

270 1367 353 1392 usus
382 1357 696 1392 Thiatholdum
722 1355 928 1402 nominat-⁶³).

105 1427 238 1461 Deformis
384 1414 482 1449 Idem
510 1413 581 1449 fere
607 1413 791 1450 dicendum
819 1409 872 1448 est
897 1414 939 1449 de
964 1413 1245 1456 latifundiorum‚
1273 1423 1359 1458 quae
1385 1423 1477 1449 anno

104 1456 238 1509 2333]th
267 1471 338 1508 855
363 1481 396 1516 p.
423 1470 485 1507 Ch.
513 1471 717 1507 hereditatis
735 1471 809 1507 iure
826 1472 863 1506 in
881 1471 1081 1506 monasterii
1100 1470 1270 1506 dicionem
1294 1475 1474 1513 venerunt,

266 1529 389 1571 indice,
415 1528 475 1573 qui
500 1529 591 1572 apud
616 1528 895 1563 Lacombletium
919 1538 1014 1562 num.
1034 1527 1090 1570 65,
1110 1528 1200 1572 apud
1219 1526 1412 1562 Crecelium
1437 1529 1474 1562 in

265 1585 333 1622 ΠΙ.
361 1585 472 1631 partis
499 1595 531 1630 p.
559 1585 605 1621 32
631 1594 705 1630 sqq.
731 1584 873 1631 legitur.
923 1585 1084 1630 Namque
1116 1585 1151 1619 in
1183 1593 1224 1619 ea
1262 1585 1373 1629 parte,
1407 1594 1474 1630 qua

265 1644 308 1679 de
332 1643 546 1679 Francorum
569 1654 662 1689 payo
686 1643 748 1687 qui
773 1642 905 1677 dicitur
923 1642 1037 1678 Felua
1056 1642 1183 1687 agitur,
1202 1644 1340 1687 praeter
1371 1643 1473 1687 quin-

265 1711 330 1745 que
356 1701 508 1742 nomina,
536 1711 622 1745 quae
641 1700 678 1733 ia
703 1700 889 1735 ostendunt
916 1699 1088 1744 (Liasjqem
1108 1698 1274 1743 Thiatlef‚
1294 1699 1476 1744 Thiatyer,

266 1756 440 1802 Thiatyif,
483 1757 694 1800 Thiadmar)
732 1756 909 1792 invenitur
950 1757 1054 1792 etiam
1098 1750 1131 1790 T
1133 1755 1355 1798 hiodbold,
1393 1766 1472 1791 cum

263 1825 373 1859 neque
404 1814 465 1849 ubi
491 1815 532 1850 de
556 1815 649 1860 agris
676 1815 712 1849 in
745 1813 858 1849 Frisia
896 1814 973 1849 sitis
1006 1823 1118 1849 sermo
1153 1813 1205 1848 est
1240 1823 1349 1858 neque
1381 1813 1476 1849 inter

263 1870 514 1916 subscriptores
540 1881 665 1907 nomen
698 1882 718 1907 a
749 1870 870 1906 thiot
911 1870 1079 1916 incipiens
1121 1871 1276 1915 legatur,
1315 1871 1476 1915 quamvis

262 1930 426 1974 quattuor
458 1929 532 1964 eius
557 1929 693 1975 generis
723 1929 863 1964 nomina
896 1928 1008 1964 adsint
1042 1926 1301 1970 (Thiaduuold,
1337 1927 1472 1962 Thiod-

261 1986 342 2032 day,
358 1985 540 2030 Thiadrz'c,
570 1980 782 2029 Thiadrad).
810 2007 854 2011 —
881 1986 922 2020 In
948 1985 1011 2021 illa
1036 1995 1169 2030 quoque
1194 1985 1373 2021 nominum
1399 1985 1471 2019 Fri-

262 2044 392 2079 siorum
427 2044 541 2090 copia,
575 2054 661 2089 quae
695 2044 784 2088 apud
818 2043 1012 2079 Crecelium
1037 2043 1067 2077 Ι.
1093 2042 1173 2077 inde
1209 2052 1229 2077 a
1260 2052 1293 2087 p.
1329 2042 1384 2078 12.
1419 2042 1470 2076 le-

261 2101 411 2145 guntur,
450 2101 479 2135 si
516 2101 663 2145 excipias
707 2100 863 2136 locorum
910 2099 1073 2140 nomina,
1117 2108 1262 2144 quorum
1297 2098 1472 2144 Tiudinyi
1531 2136 1535 2139 ,

261 2158 313 2192 bis
349 2157 397 2202 (p.
426 2158 467 2192 12
505 2160 540 2192 et
580 2158 658 2200 16),
699 2156 963 2202 Tiudinytiochi
1004 2156 1112 2191 semel
1152 2159 1196 2200 (p.
1231 2156 1290 2199 25)
1329 2156 1474 2201 legitur,

381 2291 399 2325 ¹)
422 2289 467 2318 Cf.
489 2289 597 2320 Crecel.
618 2288 676 2318 111.
699 2298 726 2326 p.
749 2291 889 2318 28-29.

379 2339 402 2375 ²)
423 2337 469 2367 Cf.
491 2345 567 2375 quae
587 2345 675 2374 supra
695 2337 733 2366 ad
753 2346 782 2366 n.
804 2339 850 2366 50.
872 2336 1079 2375 explicandum
1099 2335 1299 2373 exposuimus.

379 2385 399 2421 3)
422 2385 468 2414 Cf.
490 2376 600 2415 Grecos.
622 2384 679 2413 111.
701 2393 728 2421 p.
751 2387 788 2414 29
809 2385 857 2421 (s).
