1721 2727
680 161 917 196 „13-

199 271 286 308 quae
310 264 346 298 in
372 265 463 299 vitae
496 275 522 298 s-
547 264 700 310 Liutgeri
734 276 762 300 c.
790 265 835 301 10
862 265 1080 311 leguntur&
1138 266 1237 300 Venit
1262 266 1395 301 interea

198 320 255 356 vir
284 320 430 365 quidam
453 320 494 356 de
524 323 619 357 terra
649 321 864 367 Anylorum,
896 321 1043 357 Alubert
1079 321 1217 356 nomine
1253 320 1301 356 ad
1334 321 1394 356 ab·

200 379 339 413 batem
378 377 585 423 Greqorium
599 407 606 414 .
622 406 631 415 .
646 405 654 415 .
702 378 811 419 Quem
847 379 979 414 abbas
1024 378 1214 423 Greyorius
1253 378 1397 414 libenter

198 435 346 478 suscepit
370 435 402 469 et
432 436 614 479 comperto,
645 434 735 478 quod
766 437 849 470 esset
878 434 933 469 vir
957 435 1063 473 bonus
1087 437 1118 469 et
1141 435 1260 470 doctus
1284 437 1397 469 suasit

199 493 238 526 ut
277 490 345 526 sibi
386 491 599 535 coepiscopus
636 492 742 536 fieret.
804 491 899 527 Non
929 492 1051 530 ‘enim
1091 492 1241 537 fuerat
1284 491 1397 526 idem

201 547 439 593 Greyorius
481 548 537 583 ad
576 548 878 592 episcopalem
915 549 1100 594 qradum
1140 548 1395 590 ordinatus,

200 604 272 639 sed
297 605 573 650 presbyteri-i
591 605 896 649 perseveravit
920 605 968 640 in
989 605 1142 650 qradu.

313 681 478 725 Quamvis
504 683 620 716 autem
640 691 741 717 verus
767 680 947 727 episcopus
972 692 1038 717 non
1063 681 1170 717 fuerit
1195 682 1393 727 Gregorius,

200 738 319 773 tamen
354 747 499 772 munera
536 748 616 772 eum
648 737 773 773 obiisse
806 738 957 783 episcopi
994 739 1029 773 et
1066 738 1115 774 ita
1147 739 1396 783 quodammodo

199 794 365 840 appellari
389 795 539 840 potuisse
564 795 763 840 episcopum
797 805 836 830 ex
866 794 941 830 loco
973 794 1090 831 adlato
1123 795 1305 831 manifesto
1339 806 1394 831 se-

200 852 335 897 quitur3
365 861 447 887 nam
473 850 640 897 quo'iure
665 852 827 887 suaderet
851 851 1035 895 Alubert0‚
1074 854 1113 887 ut
1144 852 1211 888 sibi
1242 854 1394 897 coepi-

199 918 352 952 scopus
366 908 489 953 fieret?
506 908 571 944 Sed
589 908 717 944 adferri
734 910 872 953 praeter
885 918 926 944 ea
938 908 1009 944 alia
1020 912 1165 954 possunt
1182 910 1393 952 testimonia,

199 967 290 1001 unde
316 977 342 1001 s.
369 965 572 1011 Gregorium
597 967 794 1002 muneribus
828 965 1036 1011 quibusdam
1061 965 1213 1011 episcopi
1239 966 1395 1002 functum

200 1033 275 1058 esse
311 1024 478 1059 videmus.
529 1022 655 1059 Scribit
692 1025 784 1058 enim
809 1034 837 1058 s.
863 1023 1047 1068 Lintgerus
1078 1023 1114 1058 in
1140 1025 1231 1058 vitae
1256 1034 1282 1058 s.
1310 1023 1395 1059 Gre-

198 1079 287 1126 gorii
329 1089 356 1116 c.
400 1079 445 1115 14
460 1079 510 1122 α);
561 1080 643 1124 Ipse
689 1090 818 1124 quoque
854 1080 883 1115 b.
927 1079 1114 1126 Greyorius
1154 1092 1177 1114 a
1219 1080 1398 1125 Stephano

199 1137 406 1182 apostolieae
435 1137 525 1172 seclis
539 1157 542 1159 -
549 1137 714 1181 praesule
746 1139 776 1172 et
809 1137 852 1173 ab
889 1137 1024 1173 illustri
1060 1139 1090 1173 et
1127 1137 1285 1183 reliyioso
1321 1149 1397 1183 reqe

198 1194 358 1238 Pippino
394 1195 542 1238 suscepit
572 1195 811 1229 auctoritatem
842 1195 1043 1231 seminandi
1074 1196 1211 1230 verbum
1247 1194 1318 1231 Dei
1357 1197 1395 1230 in

200 1251 383 1287 Fresonia.
434 1252 479 1286 Et
521 1252 622 1297 paulo
660 1251 772 1287 infra:
816 1251 884 1287 Cui
925 1253 961 1298 (i.
994 1262 1022 1287 e.
1059 1253 1090 1288 b.
1130 1252 1322 1298 Bonifatio)
1364 1255 1395 1287 et

199 1309 342 1343 succesit
373 1309 459 1353 pius
496 1309 615 1344 haeres
646 1309 836 1353 ejusdem
864 1309 1010 1354 yentis
1042 1308 1284 1344 Fresonum
1311 1320 1394 1352 pa-

199 1368 287 1402 stor
311 1368 347 1402 et
368 1366 654 1410 praedicator
670 1366 903 1401 ordinatus
919 1377 942 1400 a
959 1365 1143 1401 Domino
1159 1368 1196 1401 et
1221 1377 1244 1400 a
1264 1366 1397 1409 prin-

199 1423 374 1467 cipibus
398 1434 531 1467 supra
554 1423 691 1459 dictis
708 1422 938 1459 Ecclesiae
955 1422 1047 1459 Dei.
1066 1423 1396 1459 Luculentissimum

201 1482 318 1515 autem
343 1480 446 1515 huius
472 1481 521 1515 rei
546 1480 788 1515 testimonium
816 1480 951 1516 videtur
975 1490 1048 1515 esse
1072 1480 1258 1524 Hucbaldi,
1284 1480 1396 1525 quiin

201 1537 273 1573 vita
298 1547 326 1572 s.
354 1537 500 1573 Lobuini
531 1537 615 1572 haec
639 1536 777 1572 scribit:
804 1536 983 1572 Lebuinus
999 1547 1042 1571 ew
1058 1537 1256 1582 Anylorum
1271 1537 1397 1580 patria

200 1594 389 1630 oriundus.
406 1623 413 1629 .
430 1624 461 1631 ..
494 1595 655 1630 evectione
680 1594 805 1630 navali
832 1593 1033 1630 Traiectum
1052 1594 1196 1638 petiit..
1214 1623 1244 1631 ..
1269 1595 1329 1630 ubi
1345 1606 1397 1629 re-

194 1654 340 1697 periens
364 1653 547 1697 quemdam
577 1652 805 1687 venerabilem
837 1653 970 1695 virum,
1007 1652 1147 1687 nomine
1178 1652 1396 1697 Greyorium,

200 1721 241 1745 ex
265 1710 374 1744 nobili
399 1710 618 1744 Francorum
643 1710 817 1755 sanquine
835 1712 1076 1754 procreatum,
1103 1721 1126 1744 a
1150 1710 1179 1744 b.
1200 1710 1398 1753 ,Bonifacio

200 1766 454 1811 archiepiscopo
494 1767 577 1802 olim
608 1779 631 1801 a
652 1766 810 1810 pucritia
847 1766 1056 1808 enutritum,
1095 1778 1172 1811 9ra
1180 1766 1234 1801 du
1266 1767 1397 1801 eccle-

200 1825 388 1860 siastico
407 1824 723 1869 presbyterum,
760 1824 832 1860 sed
867 1826 972 1860 tunc
990 1835 1071 1868 pro
1095 1826 1281 1868 tempore
1306 1823 1397 1867 epi-

200 1881 394 1925 scopalis
418 1882 568 1926 officii
587 1883 631 1916 in
648 1882 786 1916 coelem
802 1884 943 1917 castro
959 1882 1021 1917 vel
1038 1882 1167 1916 etiam
1180 1880 1397 1925 parochia

200 1938 342 1973 vicari
349 1949 432 1981 um,
459 1939 614 1982 exposuit
639 1938 670 1973 ei
695 1949 829 1973 omnem
844 1948 928 1973 suae
938 1938 1247 1983 pereqrinationi8‚
1265 1937 1399 1981 sibique

200 1995 397 2031 commissae
416 1995 695 2039 praedicationis
719 1997 849 2031 tea-tum
859 1995 898 2039 ³).
925 1994 1058 2039 Quibus
1084 2005 1162 2030 oum
1188 1994 1399 2030 testimoniis

323 2149 341 2185 ¹)
363 2149 408 2177 Cf.
430 2148 518 2177 Mon.
539 2147 639 2177 Germ.
657 2147 706 2176 SS.
729 2147 767 2176 ΙΙ.
788 2156 817 2184 p.
837 2149 903 2177 407.

317 2208 339 2244 ²)
360 2206 405 2235 Cf.
426 2205 504 2235 Mab.
526 2204 603 2243 apud
624 2204 783 2243 Migffium,
803 2203 845 2233 ib.
865 2213 893 2241 p.
916 2206 978 2232 763.

317 2264 339 2300 ³)
358 2263 405 2294 Cf.
426 2264 513 2294 Pertz
533 2263 570 2295 Π.
590 2271 618 2300 Ρ.
639 2265 712 2299 361;
741 2261 906 2299 conscripta
935 2261 1005 2291 haec
1032 2261 1094 2291 vita
1120 2263 1166 2291 est
1195 2262 1315 2291 ineunte
1336 2271 1398 2292 sae-

201 2313 267 2342 culo
297 2312 425 2345 decimo3
457 2312 495 2342 cf.
520 2310 731 2346 Wattenbach,
760 2310 781 2340 l.
801 2318 825 2338 o.
851 2318 879 2346 p.
903 2312 964 2338 166.
