1721 2727
698 168 837 203 -57
887 188 956 206 -,

216 283 285 319 quo
311 273 488 317 permotus
513 274 626 309 totum
651 273 776 310 librum
795 272 992 318 pervolvere
1017 271 1249 316 lectionesque
1277 271 1411 307 varian-

219 332 272 365 tes
305 330 468 366 adnotare
498 331 605 376 coepi.
655 331 778 376 Itaque
809 330 963 376 exemplo
998 339 1081 365 usus
1114 328 1301 364 Hertziano
1340 328 1410 363 dis·

216 387 413 433 crepantias
438 398 520 433 quas
546 388 757 433 deprehendi
783 388 827 423 ab
853 384 892 423 ea
923 387 1072 423 editione
1103 386 1210 422 etiam
1248 386 1412 421 minimas

219 444 350 480 litteris
367 445 538 481 mandavi.
565 445 640 489 Quo
658 432 761 481 modo⁸
786 451 865 481 cum
882 455 912 480 a.
931 445 1023 481 1875
1047 444 1224 480 mensibus
1250 443 1409 478 Ianuario

216 503 255 536 >et
287 502 473 537 Februario
498 502 605 537 libros
630 502 876 537 XLI—XLIII
901 504 936 537 et
960 498 1043 537 fibri
1068 502 1205 537 XLIIlI
1230 511 1277 537 cc.
1299 500 1415 535 1-22

219 558 461 602 contulissem,
503 559 615 603 magis
652 558 830 605 magisque
870 557 959 594 mihi
996 558 1259 604 persuadebam,
1303 557 1413 592 multo

218 615 393 652 utiliorem
431 616 519 651 mihi
555 615 706 652 futuram
749 615 981 652 conlationem
1021 616 1071 650 ita
1110 615 1331 653 institutam,
1375 616 1414 649 ut

218 674 367 709 codicem
381 673 731 719 integrumperpetua
742 672 939 708 litterarum
953 672 1040 707 serie
1047 673 1290 714 describerem
1309 682 1412 716 quare

216 729 262 765 ab
293 730 394 765 initio
425 730 553 765 iterum
589 740 660 765 rem
692 730 869 775 adgressus
901 730 1015 764 totum
1050 728 1211 774 exscripsi
1242 730 1412 769 codicem,

216 786 268 821 ita
308 789 348 821 ut
389 787 489 821 hodie
531 788 693 830 quattuor
733 786 806 821 fere
847 786 1015 821 librorum
1055 785 1250 830 dupplicem
1293 786 1411 820 conla-

216 843 366 886 tionem,
408 843 562 879 0mnium
604 852 683 878 vero
721 842 795 878 eius
832 842 969 878 decadis
1005 842 1199 887 possideam
1238 842 1412 887 exemplar

216 901 327 936 codici
352 900 584 943 simillimum,
624 901 680 935 cui
718 902 752 935 et
788 900 929 936 lacunas
961 899 1088 936 codicis
1120 899 1323 944 litterasque
1355 899 1411 935 vel

216 957 344 993 lineola
368 957 537 1002 perfossas
562 957 618 992 vel
636 958 822 1002 expunctas
840 958 966 1001 puncto
992 966 1095 1001 supra
1120 956 1247 1000 scripto
1274 958 1307 991 et
1332 967 1411 991 ver-

214 1026 317 1050 suum
351 1014 621 1061 paginarumque
651 1013 734 1049 fines
767 1016 802 1049 et
833 1013 984 1049 locorum
1009 1012 1103 1049 lectu
1129 1012 1326 1048 difficilium
1352 1023 1411 1048 ac-

215 1073 375 1106 curatam
400 1071 589 1115 imaginem
613 1073 691 1114 post
717 1071 932 1115 frequentem
957 1072 1097 1105 demum
1123 1071 1294 1115 variisque
1328 1071 1410 1106 solis

216 1127 407 1163 luminibus
442 1127 641 1162 institutam
675 1126 859 1162 lectionem
884 1127 1023 1162 inserui.
1075 1125 1149 1169 Quo
1175 1126 1300 1161 codicis
1327 1137 1407 1172 apo-

215 1185 356 1230 grapho,
383 1185 479 1220 cuius
505 1185 657 1229 aliquam
683 1195 754 1219 esse
778 1184 881 1219 fidem
918 1186 953 1219 et
989 1184 1172 1230 diligentia
1204 1191 1271 1229 qua
1306 1184 1344 1219 in
1370 1195 1408 1220 eo

215 1242 367 1287 paranda
399 1251 480 1276 usus
517 1252 593 1276 sum
626 1252 693 1276 non
729 1241 893 1276 mediocri
935 1244 970 1275 et
1007 1242 1172 1285 temporis
1215 1252 1275 1286 per
1316 1242 1406 1286 quod

215 1299 368 1334 codicem
387 1298 534 1334 tractavi
552 1298 762 1333 diuturnitas
776 1297 975 1333 confirmare
995 1298 1164 1339 videntur,
1179 1298 1216 1333 in
1233 1299 1408 1344 posterum

214 1365 275 1402 pro
309 1355 459 1397 viribus,
500 1355 528 1390 si
560 1356 642 1390 deus
674 1355 782 1397 volet,
817 1356 895 1390 utar
926 1354 970 1390 ad
1004 1356 1218 1391 emendanda
1242 1356 1408 1391 orationis

214 1414 378 1450 Livianae
404 1414 518 1449 verba.

326 1519 426 1554 Hanc
442 1518 479 1553 in
503 1517 716 1553 instituenda
734 1517 861 1553 codicis
881 1517 1073 1553 conlatione
1092 1517 1300 1554 industriam
1312 1528 1406 1563 pror-

213 1586 272 1611 sus
296 1575 457 1610 inutilem
482 1585 550 1609 non
567 1574 687 1616 fuisse,
726 1574 900 1609 nonnullis
932 1574 1036 1609 liceat
1063 1574 1150 1610 mihi
1175 1575 1409 1613 demonstrare

211 1631 397 1676 exemplis,
435 1630 559 1676 quibus
596 1633 726 1675 quanta
757 1630 805 1665 sit
837 1632 965 1666 rectius
990 1632 1189 1676 perspectae
1215 1632 1406 1677 scripturae

214 1688 352 1723 utilitas
376 1687 502 1723 melius
528 1689 564 1734 et
589 1688 717 1723 maiore
743 1698 821 1723 cum
838 1687 905 1723 fide
923 1698 1026 1732 quam
1044 1690 1224 1724 verborum
1243 1689 1405 1724 adfirma-

214 1745 308 1780 tione
334 1744 573 1790 perspiciatur.

327 1801 440 1837 Verba
452 1800 527 1836 folii
545 1802 603 1836 71r
633 1801 817 1837 maximam
835 1802 987 1846 partem,
1005 1801 1164 1846 inprimis
1183 1812 1261 1837 vero
1280 1813 1300 1838 a
1316 1803 1409 1838 linea

213 1858 236 1893 6
262 1857 380 1893 detriti
417 1857 577 1893 Hertzius
608 1857 658 1894 ita
688 1859 886 1894 constituit:
931 1887 939 1894 .
956 1859 1223 1904 .turbaretur.[.
1239 1888 1246 1895 .
1263 1859 1410 1905 .9la]d{s

211 1915 334 1951 hastas
348 1917 462 1959 petere
475 1915 608 1959 pedites
627 1915 653 1962 [.
670 1944 676 1951 .
692 1943 701 1951 .
716 1916 856 1962 .]mque,
874 1927 969 1952 nunc
984 1916 1155 1952 succidere
1171 1928 1277 1952 crura
1301 1918 1408 1962 equis,

214 1984 309 2008 nune
332 1972 400 2007 ilia
412 1968 598 2016 suffodere,·
624 1983 687 2008 nec
699 1974 810 2009 multo
827 1973 929 2009 aliter
945 1973 1153 2019 Madvigius,
1167 1974 1226 2019 qui
1240 1976 1317 2019 post
1333 1977 1409 2010 tur-

210 2030 354 2066 baretur
370 2029 524 2065 voculam
537 2029 589 2065 ita
606 2029 672 2066 sibi
697 2029 821 2076 legisse
839 2030 932 2066 visus
944 2025 1012 2072 est,
1036 2031 1096 2066 ubi
1121 2031 1320 2067 litterarum
1339 2034 1408 2067 ele-

214 2090 331 2124 menta
348 2086 514 2123 TREZCS
530 2089 585 2122 sat
602 2087 788 2123 manifesta
812 2088 1021 2134 deprehendi
1046 2090 1080 2123 et
1105 2089 1256 2135 vestigia
1273 2089 1407 2125 litterae

213 2146 242 2181 P
273 2144 424 2190 proxime
458 2144 690 2188 insequentis;
733 2154 832 2189 porro
864 2147 943 2180 ante
975 2156 1075 2189 mque
1108 2146 1272 2191 reliquias
1297 2147 1408 2183 detexi

216 2202 354 2237 litterae
395 2201 446 2246 U,
488 2211 592 2246 quare
632 2201 848 2247 equitumque
887 2203 1123 2247 reponendum
1165 2204 1221 2240 sit.
1281 2204 1407 2251 Legam

213 2259 339 2304 igitur:
381 2258 530 2294 Thraces
564 2258 710 2305 p[ostea]
751 2259 867 2304 yladis
901 2259 1022 2295 hastas
1032 2263 1162 2306 petere,
1200 2262 1363 2305 pedites*
1376 2265 1406 2307 *‚

213 2315 460 2362 [equitJumque
483 2326 577 2351 nune
593 2316 764 2351 succidere
779 2327 896 2360 crura,
922 2317 1019 2360 equis
1033 2329 1128 2353 nunc
1144 2318 1212 2353 ilia
1228 2320 1407 2364 suffodere.

211 2374 298 2408 Post
317 2373 453 2417 pedites
477 2373 708 2420 supplendum
734 2376 785 2409 est
812 2373 953 2409 verbum
979 2374 1117 2420 aliquod
1142 2386 1173 2411 v.
1194 2386 1222 2412 c.
1241 2377 1408 2423 occidere;

1438 1809 1509 1835 XLII.
1530 1811 1567 1836 59,

1470 1840 1538 1863 2—3.
