1721 2727
775 137 1010 172 -43—

295 238 414 275 omisit
440 242 587 286 utraque
614 240 736 282 editio,
768 240 896 277 ibidem
930 241 964 275 in
992 242 1110 276 eodem
1136 252 1167 277 v.
1192 241 1227 277 5.
1254 251 1294 276 ex
1318 240 1492 275 maioram

291 297 547 333 restituendum
574 300 657 336 erat,
696 297 730 332 id
757 298 846 341 quod
871 296 1094 343 Kreyssigius
1133 297 1233 340 fecit,
1264 297 1421 340 matera,-
1454 298 1493 331 at

291 352 329 387 in
354 353 562 388 editionibus
588 352 769 388 exhibetur
794 353 925 398 mayts5
957 352 1067 396 XLV,
1094 353 1151 396 29,
1187 354 1229 389 11
1262 354 1352 390 illud
1385 364 1445 389 nec
1472 364 1492 389 a

293 410 409 445 codice
433 411 525 445 reete
551 410 722 445 traditum
747 410 913 445 omissum
939 412 992 445 est
1018 411 1053 445 in
1079 411 1231 446 editione
1250 412 1286 446 et
1303 413 1491 456 posteriore

293 469 327 501 et
352 468 483 512 priore;
510 467 595 502 item
620 467 726 509 XLV,
752 467 810 508 34,
837 468 858 503 6
884 469 1080 507 numerata,
1107 477 1211 513 quam
1229 469 1439 513 scripturam
1456 468 1493 502 in

292 524 407 559 codice
433 524 641 566 invenimus,
668 524 704 560 in
721 525 868 571 utraque
888 525 1038 561 editione
1056 536 1260 571 perversum
1276 525 1314 561 in
1331 537 1493 561 numera-

292 584 366 615 tam
391 583 426 617 et
452 582 525 616 eius
558 583 692 627 generis
727 584 840 626 plura.
870 603 911 607 —
939 583 1197 617 Firmissimum
1237 586 1354 617 autem
1392 583 1493 617 huius

292 638 342 672 rei
367 640 613 683 argumentum
639 639 674 673 in
701 648 738 673 eo
764 639 864 681 inest,
892 639 981 684 quod
1013 639 1203 684 genuinam
1234 641 1269 674 et
1300 638 1426 674 codicis
1459 640 1494 673 et

290 695 473 740 utriusque
499 695 662 730 editionis
688 696 895 741 scripturam
922 696 1004 731 libri
1029 696 1179 739 XLIIII,
1200 698 1230 737 1,
1248 696 1272 731 4
1296 696 1370 731 dies
1385 695 1496 730 unias

291 751 447 794 expedito
471 752 539 786 iter
562 755 610 786 est
634 752 672 786 in
697 754 891 792 erratorum
917 753 1029 787 indice
1054 754 1198 787 alterius
1225 754 1396 787 corrector
1429 762 1491 795 pa-

291 808 398 842 trium
426 817 547 843 casum
571 808 645 843 dies
670 810 704 843 et
730 809 837 846 Gellii
861 808 1067 844 auctoritate
1093 810 1129 844 et
1145 809 1354 855 scriptorum
1381 818 1494 844 exem-

291 865 359 910 plis
386 865 630 901 confirmatum
642 864 669 906 ¹)
696 867 736 900 ut
761 866 971 911 typographi
1000 876 1150 901 errorem
1180 866 1389 902 emendavit.
1440 865 1496 901 Ita

293 923 386 956 enim
411 923 509 957 docet
534 922 662 957 diesin
688 922 758 957 diei
785 933 858 957 esse
883 923 1089 958 mutandum
1123 925 1162 958 ut
1193 923 1346 968 exemplo
1377 924 1410 958 in
1438 934 1496 958 ex-

293 979 419 1022 templo
446 980 570 1025 (XLII,
597 980 654 1023 48,
681 979 719 1025 4)
746 983 780 1015 et
806 980 920 1014 aderit
945 981 980 1015 in
1006 981 1120 1023 aperit
1147 980 1310 1024 (XLIIII,
1337 981 1370 1024 6,
1397 981 1447 1026 2).

113 1141 228 1164 codexiu
244 1148 283 1163 ar·
411 1130 523 1166 Codex
548 1132 738 1175 postquam
757 1133 800 1166 ab
824 1131 993 1166 Helvetiis
1020 1134 1205 1176 usurpatus
1231 1134 1293 1173 est,
1319 1142 1406 1176 quae
1423 1131 1498 1167 fata

112 1170 465 1248 ἓῗῆἰῇζιὲζῖἶῂαῦυθῐίὓ,
493 1197 559 1231 quo
586 1197 674 1222 anno
700 1198 720 1222 a
750 1188 873 1232 quibus
893 1188 929 1223 in
946 1198 1060 1223 arcem
1080 1188 1345 1223 Ambrasianam
1362 1188 1497 1223 delatus

296 1244 354 1286 sit,
381 1245 479 1279 novis
506 1244 717 1279 testimoniis
743 1255 811 1279 non
829 1244 981 1279 inventis
1000 1245 1196 1279 accuratius
1215 1244 1348 1280 definiri
1366 1245 1496 1289 nequit.

294 1302 336 1336 Id
375 1302 514 1346 quidem
552 1303 686 1336 certum
718 1304 771 1336 est
804 1312 893 1337 anno
925 1313 957 1346 p.
985 1301 1044 1336 Ch.
1074 1302 1165 1337 1625
1199 1302 1291 1336 inter
1328 1302 1497 1337 librorum

294 1358 605 1393 Ambrasianorum
631 1368 815 1393 numerum
842 1369 921 1393 eum
939 1359 1044 1393 fuisse
1061 1368 1166 1403 eoque
1185 1368 1273 1393 anno
1292 1367 1378 1392 novo
1396 1358 1497 1393 ador-

296 1417 418 1450 natum
444 1425 518 1450 esse
544 1415 742 1454 involucro·‚
774 1415 858 1450 haec
890 1415 982 1450 enim
1008 1417 1105 1461 tergo
1131 1410 1371 1450 inscribuntur
1396 1414 1495 1450 libri:

297 1471 371 1506 Titi
398 1471 484 1506 Liui
511 1471 688 1506 Patauina·
714 1472 894 1506 Historiae
920 1472 1100 1506 Romanae
1132 1471 1235 1506 Libri
1260 1471 1412 1516 quinque
1438 1472 1498 1515 qai

289 1532 434 1573 propter
459 1529 612 1564 aliorum
637 1529 719 1563 olim
736 1530 952 1573 sequentiam
969 1529 1137 1574 defectam
1154 1540 1251 1564 nune
1268 1531 1350 1564 sunt
1367 1528 1498 1569 ultimi,

295 1598 415 1629 nempe
444 1586 553 1629 XLI,
580 1585 702 1628 XLII,
740 1586 887 1629 XLIII,
930 1585 1066 1621 XLIV
1084 1588 1114 1620 et
1144 1585 1259 1620 XL?
1278 1584 1500 1619 Rarissimas

298 1643 410 1679 Codex
448 1642 629 1678 Liuianus
672 1642 774 1678 Codd.
818 1643 867 1678 M
883 1671 889 1678 .
910 1671 916 1678 .
936 1645 949 1677 t
968 1671 975 1678 .
997 1672 1003 1677 .
1023 1671 1029 1678 .
1073 1642 1212 1677 Histori
1230 1669 1238 1677 .
1258 1669 1266 1677 .
1287 1670 1295 1678 .
1315 1670 1323 1678 .
1367 1642 1415 1677 Ν.
1453 1642 1497 1676 57

304 1727 334 1737 ..
351 1700 573 1737 ,ΙΟΟΧΧΞῙ
593 1702 676 1736 287.

114 1848 285 1900 figffssffiffissj
411 1843 544 1879 Mansit
569 1844 686 1888 itaque
712 1844 816 1878 codex
841 1842 878 1877 in
904 1852 982 1876 arce
1009 1841 1249 1883 Ambrasiana,
1276 1841 1384 1875 donec
1410 1850 1499 1875 anno

142 1906 260 1934 portatur·
298 1900 391 1936 1665
416 1910 436 1935 a
461 1901 564 1936 Petro
589 1899 798 1936 Lambeccio
825 1910 904 1935 oum
930 1898 1002 1935 582
1027 1898 1127 1933 libris
1152 1897 1398 1943 manuscriptis
1413 1896 1498 1932 Vin-

298 1958 468 1993 dobonam
495 1959 801 2003 transportaretur.
851 1956 946 2001 Quae
979 1955 1085 1990 fuerit
1120 1956 1192 1990 eius
1234 1955 1369 1990 itineris
1411 1954 1499 1989 ratio

298 2025 453 2060 quaeque
478 2016 514 2050 in
540 2016 600 2050 illo
628 2015 733 2050 codex
760 2015 926 2050 Livianus
945 2013 1093 2048 subierit
1111 2012 1272 2057 pericula,
1291 2012 1363 2056 ipse
1383 2013 1499 2045 narrat

296 2072 520 2108 Lambeecius
529 2070 574 2113 ²):
597 2069 698 2112 Quod
714 2069 762 2104 ad
780 2069 895 2113 ipsam
912 2080 1023 2113 supra
1040 2069 1306 2103 memoratorum
1323 2067 1422 2102 2072
1439 2064 1501 2100 Vo-

297 2129 474 2165 luminam
505 2128 822 2163 Ambrasianoram
853 2128 1110 2173 (transportata
1139 2125 1234 2160 enim
1258 2126 1340 2159 sant
1358 2125 1502 2167 praeter

297 2189 388 2221 msta
405 2187 487 2227 583,
504 2185 610 2220 etiam
626 2185 799 2228 impressa
816 2184 926 2230 1489)
941 2182 1274 2226 transportationem
1290 2180 1425 2221 attinet,
1443 2179 1500 2213 in-

415 2302 436 2335 ¹)
457 2299 502 2330 Of.
524 2297 620 2334 Neue,
641 2297 861 2327 Formenlehre
881 2296 909 2325 d.
931 2296 984 2325 lat.
1005 2295 1077 2333 Spr.
1098 2296 1122 2331 Ι,
1144 2304 1171 2332 p.
1194 2296 1258 2324 390.

415 2348 438 2383 ²)
458 2347 504 2376 Cf.
527 2347 688 2376 Comment.
708 2347 726 2374 l.
750 2344 798 2375 II.
821 2347 917 2381 p-5l9
938 2353 999 2380 sqq.
1022 2343 1094 2372 edit.
1115 2342 1157 2371 ΙΙ.
