1721 2727
672 169 906 205 -49—

192 269 281 305 clusi
304 281 345 304 ea
365 272 416 306 22
444 271 548 306 doliis
570 271 776 316 salinariis,
800 284 888 318 quae
906 274 1083 318 peculiari
1111 275 1249 312 nomine
1267 277 1383 314 Salte-

186 329 342 370 pantzen
355 328 591 372 appellantur,
599 332 630 364 et
641 340 702 365 sex
717 330 815 365 cistis
830 332 1015 375 curavique
1033 333 1215 368 nonnullis
1227 335 1384 370 curribus

187 384 328 428 pervehi
352 384 498 430 Halam,
516 386 576 422 ubi
592 386 733 422 tandem
748 387 805 422 die
821 388 856 423 2.
870 387 1072 424 Novembris
1088 390 1129 425 in
1146 390 1266 425 navim
1282 391 1385 427 illata

191 445 284 480 sunt.
336 443 410 487 Quo
441 446 562 479 contra
593 444 818 479 intentionem
848 456 960 480 meam
979 457 1047 490 per
1070 448 1173 482 varia
1201 448 1385 492 inopinata

193 500 367 535 obstacula
392 500 491 535 tarde
515 500 703 535 admodum
726 501 892 547 empedito,
917 513 960 537 ne
983 508 1099 538 tamen
1123 505 1386 542 taediosissimis

191 557 431 605 abnaviqandi
455 557 796 604 teryiversationibus
819 558 954 595 diutius
977 571 1081 597 essem
1105 561 1281 605 obnoxius,
1307 573 1386 599 con-

190 616 258 650 tuli
294 627 347 651 me
383 627 491 650 curru
528 616 646 650 eadem
676 616 789 651 adhuc
819 627 960 660 vespera
996 619 1044 652 ad
1077 630 1211 664 payum
1245 620 1384 664 Volters,

191 672 299 707 unius
322 672 458 708 circiter
482 671 586 707 horae
609 672 723 716 spatio
754 672 855 708 Haza
885 673 1067 719 dissitum;
1103 686 1235 711 summo
1269 679 1385 712 autem

190 741 294 765 mane
318 730 490 774 sequentis
513 729 584 765 diei
608 729 702 764 tertii
727 729 929 766 Novembris
960 732 1119 767 contendi
1143 744 1251 777 porro
1283 734 1386 770 Seba-

192 788 277 828 tum,
302 786 415 829 ibique
439 786 570 829 navim,
597 797 684 829 quae
713 797 791 820 cum
812 788 950 832 famulo
974 789 1197 831 praecedenti
1222 793 1314 824 nocte
1346 791 1387 825 in

192 854 233 878 ea
259 842 376 877 relicto
400 844 515 877 secuta
546 844 638 886 erat,
677 842 853 887 inqressus
876 853 955 878 sum
975 844 1086 888 paulo
1104 848 1184 889 post
1208 847 1387 882 meridiem

192 903 294 944 atque
318 899 400 934 inde
418 910 486 944 per
513 897 645 935 Ocnum
680 902 711 935 et
740 899 950 936 Danubium
974 903 1118 946 perreoei
1152 903 1388 939 Vindobonam

194 968 266 992 non
291 957 410 992 minus
428 957 619 1001 periculose
643 967 749 1001 quam
773 957 992 993 incommode.
1020 959 1137 994 Navis
1161 961 1266 1003 enim,
1282 971 1389 1006 quam

192 1015 314 1049 multis
340 1014 618 1060 flayitationibus
654 1015 714 1049 vioe
750 1015 889 1050 tandem
926 1018 1151 1059 extorseram,
1188 1018 1288 1053 valde
1318 1019 1390 1063 fuit

197 1073 312 1107 lacera
337 1073 367 1106 et
391 1071 537 1106 ruinosa
544 1087 555 1115 ,-
585 1073 716 1106 nautae
739 1073 854 1106 autem
879 1074 1042 1116 quattuor
1072 1072 1104 1107 ei
1133 1074 1301 1118 reqendae
1324 1075 1390 1109 acl-

194 1129 327 1174 siqnati
352 1128 486 1173 bipedes
508 1129 606 1173 fuere
643 1129 799 1163 omnium
836 1129 1043 1173 nequissimi
1047 1143 1064 1175 ;
1100 1130 1227 1174 quippe
1257 1132 1318 1176 qui
1349 1132 1389 1166 in

193 1189 258 1221 toto
282 1186 345 1221 illo
381 1187 505 1221 itinere
541 1186 625 1220 adeo
662 1186 797 1231 iynave,
833 1187 1081 1222 contumaciter
1111 1190 1143 1222 et
1167 1199 1326 1231 perverse
1356 1199 1389 1223 sc

190 1245 379 1289 9esserunt,
405 1245 444 1277 ut
467 1242 629 1277 meritam
652 1243 719 1277 sibi
743 1245 926 1278 metuentes
943 1254 1112 1288 poenam,
1149 1255 1226 1279 cum
1250 1245 1308 1280 die
1334 1246 1389 1280 11.

193 1300 397 1336 Novembris
444 1299 543 1334 valde
585 1310 658 1334 sero
705 1299 936 1345 Nusdorfium
974 1301 1205 1344 pervenissem
1222 1329 1230 1344 ,
1275 1312 1391 1337 omnes

194 1359 360 1392 nocturno
384 1360 530 1399 tempore
553 1356 755 1391 clanculum
786 1358 1001 1402 aufuqerint.
1056 1359 1279 1400 Quamobrem
1310 1369 1389 1393 con-

193 1414 307 1449 ductis
330 1413 482 1457 sequenti
506 1412 561 1447 die
585 1412 670 1447 aliis
686 1415 849 1457 quattuor
866 1413 998 1456 nautis,
1012 1414 1143 1459 confeci
1160 1425 1272 1449 unum
1289 1414 1390 1458 illud,

194 1470 283 1516 quod
307 1466 497 1514 supererat,
522 1470 583 1504 viic
606 1470 782 1515 inteqrum
805 1470 961 1505 milliare
983 1470 1235 1507 Germanicum
1250 1474 1281 1506 et
1297 1472 1392 1507 circa

194 1529 317 1563 horam
341 1527 510 1562 decimam
535 1527 750 1561 matutinam
774 1528 894 1562 salvus
918 1530 1019 1572 atque
1044 1527 1230 1563 incolumis
1264 1528 1392 1564 Vindo-

194 1587 319 1621 bonam
343 1585 444 1620 redii.
489 1584 619 1620 Curavi
644 1584 767 1619 deinde
791 1584 886 1619 dolia
911 1587 941 1619 et
966 1585 1088 1628 cistas,
1115 1585 1239 1629 quibus
1262 1596 1390 1629 supra-

195 1642 374 1678 memorati
398 1640 632 1676 Ambrasiani
658 1641 741 1676 libri
765 1632 1034 1676 continebantur
1058 1641 1135 1676 sine
1159 1651 1257 1676 mora
1273 1653 1290 1676 e
1307 1641 1391 1676 navi

195 1699 334 1735 extrahi
359 1701 390 1734 et
414 1698 630 1733 adminiculo
659 1698 792 1742 aliquot
823 1710 992 1733 curruum
1016 1701 1109 1734 recta
1134 1698 1326 1743 transferri
1351 1698 1391 1733 in

197 1756 498 1801 Auqustissimam
523 1755 776 1790 Bibliothecam
801 1755 1020 1791 Caesaream.

308 1822 470 1858 Ceterum
497 1832 584 1857 anno
616 1821 754 1857 demum
782 1821 873 1857 1669
905 1822 1015 1857 codici
1052 1821 1195 1857 Liviano
1228 1831 1391 1856 numerus

196 1879 287 1915 inter
311 1879 416 1914 libros
442 1878 693 1922 manuscriptos
718 1877 953 1913 bibliothecae
978 1877 1160 1913 Caesareae
1185 1877 1390 1921 adsignatus

197 1947 269 1973 esse
290 1937 444 1981 videtur3
470 1935 599 1981 legitur
627 1936 719 1971 enim
743 1937 779 1971 in
798 1935 910 1971 fronte
928 1935 1098 1971 involucri
1122 1934 1250 1969 litteris
1277 1934 1390 1969 aureis

197 1995 422 2040 impressum:
449 1994 488 2029 Ε.
514 1993 558 2029 Α.
586 1994 626 2028 Β.
654 1992 691 2029 G.
710 1992 752 2029 V.
778 1992 841 2028 Nr.
867 1993 890 2027 3
914 1993 952 2028 L.
971 1992 999 2027 I.
1027 1992 1058 2027 1.
1077 1992 1110 2027 6.
1128 1992 1166 2027 Ρ.
1184 1991 1224 2027 L.
1240 1992 1282 2027 B.
1307 1992 1341 2027 6.
1358 1992 1391 2027 9.

197 2053 220 2088 i.
248 2063 275 2087 e.
318 2050 379 2086 Ex
408 2051 661 2095 auqustissima
690 2050 891 2086 bibliotheca
928 2049 1100 2086 Caesarea
1134 2048 1391 2084 Vindobonensi

197 2109 265 2145 Nr.
293 2111 326 2144 3.
345 2129 391 2134 --
406 2108 598 2152 Leopoldus
624 2108 655 2143 I.
683 2107 735 2155 (in
760 2107 876 2144 media.
899 2106 1009 2153 sigilli
1026 2105 1121 2153 area)
1140 2108 1245 2142 1669.
1266 2105 1394 2141 Petrus

198 2167 420 2202 Lambeccius
444 2165 732 2201 bibliothecarius.

312 2308 477 2354 Quamvis
504 2306 624 2343 Simon
650 2308 829 2354 Grynaeus
854 2316 958 2352 quam
983 2308 1170 2342 maximam
1195 2305 1392 2341 adhibuerit
1416 2312 1493 2335 codex
1508 2312 1567 2358 aba:

1364 2362 1371 2369 ‚
1407 2341 1517 2364 conditu
1531 2341 1554 2364 12

198 2367 234 2401 in
260 2368 389 2402 edenda
414 2367 455 2402 V.
481 2366 608 2401 decade
632 2365 778 2401 Liviana
802 2364 1032 2410 diligentiam,
1057 2374 1157 2400 nemo
1174 2365 1293 2399 tamen
1317 2362 1391 2398 edi-
1464 2371 1508 2393 tet.

1258 2421 1277 2447 4
