1721 2727
581 685 852 747 VITA.

235 863 353 917 Natus
368 895 437 917 sum
451 885 672 917 a.d.III.n0n.
682 884 767 924 Sept.
777 884 851 917 anni
864 884 953 917 1847
967 884 1125 916 Liutmu
1136 885 1224 917 ntin
1234 894 1314 924 gae,

123 943 155 974 in
170 942 237 974 vico
245 943 396 975 Austriae
413 942 583 981 superioris
601 951 699 982 prope
716 942 858 974 Lentiam
874 941 948 974 sito.
967 941 1043 973 Cum
1060 951 1159 982 neque
1177 942 1315 981 corporis

124 999 207 1031 vires
229 1000 269 1032 ad
293 1000 498 1032 exercendum
521 998 690 1040 aliquando
716 998 834 1040 patris,
864 998 948 1031 fabri
972 998 1118 1038 ferrarii,
1148 999 1314 1031 artificium

125 1056 292 1094 suppetere
316 1056 496 1088 viderentur
520 1056 552 1087 ot
575 1055 629 1095 qui
652 1055 810 1087 elementa
834 1064 882 1086 me
908 1055 1062 1087 docebant
1089 1056 1255 1097 magistri,
1281 1057 1317 1088 ut

125 1111 233 1144 studia
256 1111 435 1145 litterarum
459 1121 674 1153 capesserem,
704 1112 893 1151 suaderent,
923 1121 1001 1152 puer
1026 1111 1133 1144 decem
1160 1122 1328 1144 annorum⁴

124 1170 323 1210 gymnasium
341 1170 419 1202 Len
430 1170 511 1202 tiae
535 1171 735 1210 frequentare
752 1170 852 1210 coepi.
885 1169 1019 1202 Emenso
1036 1180 1119 1202 anno
1139 1171 1230 1203 1865
1247 1172 1317 1203 stu-

125 1227 245 1259 diorum
269 1226 423 1259 curriculo
445 1226 548 1259 ordini
573 1226 799 1258 Canonicorum
815 1226 1018 1266 Regularium
1036 1227 1067 1259 S.
1086 1228 1122 1258 P.
1141 1227 1314 1267 Augustini

125 1293 240 1316 nomen
270 1285 400 1317 daturus
434 1284 645 1317 Oanoniam
678 1284 725 1316 ad
758 1284 789 1317 S.
823 1284 1006 1317 Floriani
1037 1284 1166 1317 intravi.
1204 1285 1315 1317 Sacer-

125 1341 210 1373 dotio
228 1340 371 1372 initiatus
390 1351 473 1373 anno
493 1342 583 1373 1870
600 1341 633 1372 in
653 1341 754 1373 vicum
770 1341 920 1372 Austriae
938 1341 1111 1381 superioris
1122 1366 1129 1379 ‚
1155 1342 1206 1373 cui
1222 1342 1316 1373 Ried

125 1407 236 1430 nomen
269 1399 336 1439 est,
377 1398 493 1430 missus
507 1414 513 1418 ,
526 1408 595 1430 sum
628 1398 802 1430 animarum
840 1407 934 1430 curae
971 1406 1094 1438 operam
1131 1399 1315 1431 navaturus.

126 1455 262 1487 Biennio
279 1457 352 1495 post
366 1455 398 1487 in
414 1455 584 1488 Canonium
602 1455 749 1488 revocato
763 1456 841 1488 mihi
855 1455 999 1488 thesauri
1017 1465 1212 1488 nummorum
1230 1456 1317 1487 vete-

126 1522 196 1544 rum
213 1513 357 1544 custodia
379 1513 480 1553 primo
504 1513 643 1552 credita,
673 1514 745 1545 dein
770 1521 826 1553 per
844 1513 999 1545 semestre
1016 1512 1090 1544 anni
1110 1512 1200 1544 1873
1218 1512 1317 1544 aesti-

127 1579 215 1609 vum,
233 1571 269 1602 ut
285 1569 318 1601 in
330 1560 497 1603 ’academia
513 1570 688 1603 domestica
711 1571 854 1610 docerem
870 1569 1062 1611 theologiam
1079 1569 1244 1609 moralem,
1270 1570 1319 1601 est

127 1627 318 1659 mandatum.
346 1627 396 1660 Ab
414 1628 559 1660 semestri
576 1628 707 1660 hiberno
724 1626 875 1670 1873s74
889 1636 946 1668 per
959 1628 1037 1660 duos
1055 1627 1202 1668 deinceps
1219 1636 1318 1659 annos

127 1684 159 1715 in
177 1683 465 1717 Universitate
484 1685 681 1717 Caesarea
699 1684 1007 1718 Vindobonensi
1032 1684 1196 1718 facultatis
1213 1684 1318 1724 philo-

128 1741 276 1781 sophicae
301 1742 417 1773 studiis
445 1743 555 1774 vacavi
584 1751 621 1774 ac
643 1752 700 1782 per
724 1744 825 1774 totum
849 1742 929 1775 illud
946 1744 1072 1783 tempus
1089 1742 1175 1775 inter
1193 1742 1318 1775 sodales

129 1807 215 1829 eram
232 1798 395 1830 seminarii
412 1798 605 1838 philologici.

241 1854 367 1895 Restat,
386 1857 421 1888 ut
437 1855 495 1896 iis,
514 1865 645 1897 quorum
664 1856 791 1897 aliquod
808 1857 858 1889 est
874 1856 912 1889 de
926 1856 977 1889 his
995 1856 1109 1889 studiis
1127 1856 1203 1892 meis
1224 1856 1318 1889 meri·

127 1914 206 1952 tum,
224 1912 350 1944 debitas
367 1913 488 1952 gratias
504 1913 640 1946 referam
657 1915 751 1954 atque
775 1914 912 1945 omnium
930 1914 1029 1954 primo
1047 1914 1319 1946 Reverendissimo

128 1969 262 2002 Domino
286 1969 390 2002 Ferd
401 1961 550 2004 inand'o
575 1971 747 2010 Mosero,
775 1971 931 2003 Canoniae
948 1970 1166 2003 Florianensis
1183 1971 1320 2011 Praepo-

129 2028 191 2060 sito
209 2027 436 2067 illustrissimo‚
463 2028 528 2069 qui,
553 2038 616 2069 qua
633 2030 681 2060 est
698 2037 767 2060 cum
785 2026 819 2061 in
836 2028 973 2068 reliquos
991 2027 1164 2060 canonicos
1181 2027 1249 2060 eius
1267 2030 1321 2060 tu-

128 2085 210 2117 telae
239 2085 421 2118 commissos
451 2087 518 2118 tum
549 2087 581 2118 in
616 2095 663 2117 me
685 2087 818 2127 paterna
842 2086 961 2126 pietate
986 2094 1022 2117 ac
1047 2086 1201 2126 singulari
1229 2085 1320 2117 beni—

129 2142 278 2183 volentia,
304 2144 336 2175 et
361 2144 397 2175 ut
421 2143 538 2177 studiis
561 2153 608 2176 me
631 2143 775 2176 dederem
797 2143 996 2184 philologieis
1021 2143 1121 2176 voluit
1144 2144 1175 2175 et
1198 2143 1232 2174 ut
1251 2152 1320 2175 cum

129 2198 177 2231 rei
193 2199 367 2232 litterariae
385 2198 492 2232 fructu
517 2209 556 2232 ea
580 2209 705 2240 possem
728 2208 870 2232 exercere
895 2199 978 2231 omni
1004 2199 1093 2232 modo
1117 2209 1165 2232 me
1190 2199 1321 2232 adiuvit.

129 2256 218 2293 Quod
235 2265 307 2288 vero
325 2255 360 2288 in
378 2256 454 2288 haec
477 2256 679 2296 potissimum
702 2255 808 2288 studia
830 2254 965 2287 Liviana
988 2256 1100 2294 incidi,
1124 2256 1321 2288 Guilelmo

130 2313 335 2355 Hartelio‚
362 2314 515 2354 magistro
533 2313 713 2347 doctissimo
730 2323 767 2346 ac
783 2322 933 2354 perquam
950 2313 1076 2353 dilecto,
1093 2314 1146 2354 qui
1164 2323 1212 2346 me
1230 2323 1320 2346 uum—

129 2376 225 2412 quam
249 2382 307 2405 suo
332 2371 463 2405 consilio
487 2381 591 2405 carere
610 2381 725 2413 passus
742 2372 808 2414 est,
826 2371 932 2405 debeo.
968 2371 1009 2403 Ut
1032 2380 1105 2405 vero
1123 2381 1179 2412 per
1196 2373 1322 2404 tantum
