<?xml version="1.0" encoding="UTF-8"?>
<!DOCTYPE html PUBLIC "-//W3C//DTD XHTML 1.0 Transitional//EN"
    "http://www.w3.org/TR/xhtml1/DTD/xhtml1-transitional.dtd">
<html xmlns="http://www.w3.org/1999/xhtml" xml:lang="en" lang="en">
 <head>
  <title>
</title>
<meta http-equiv="Content-Type" content="text/html;charset=utf-8" />
  <meta name='ocr-system' content='tesseract 3.04.00' />
  <meta name='ocr-capabilities' content='ocr_page ocr_carea ocr_par ocr_line ocrx_word'/>
</head>
<body>
  <div class='ocr_page' id='page_1' title='image "4771788_0038.png"; bbox 0 0 1721 2727; ppageno 0'>
   <div class='ocr_carea' id='block_1_1' title="bbox 778 215 1016 250">
    <p class='ocr_par' dir='ltr' id='par_1_1' title="bbox 778 215 1016 250">
     <span class='ocr_line' id='line_1_1' title="bbox 778 215 1016 250; baseline -0.004 -8"><span class='ocrx_word' id='word_1_1' title='bbox 778 215 1016 250; x_wconf 71' lang='lat'>-22—</span> 
     </span>
    </p>
   </div>
   <div class='ocr_carea' id='block_1_2' title="bbox 290 318 1501 1039">
    <p class='ocr_par' dir='ltr' id='par_1_2' title="bbox 290 318 1501 1039">
     <span class='ocr_line' id='line_1_2' title="bbox 294 318 1499 366; baseline 0.002 -12"><span class='ocrx_word' id='word_1_2' title='bbox 294 318 388 354; x_wconf 88' lang='lat' dir='ltr'><strong>infra</strong></span> <span class='ocrx_word' id='word_1_3' title='bbox 413 319 524 364; x_wconf 88' lang='lat' dir='ltr'>ipsam</span> <span class='ocrx_word' id='word_1_4' title='bbox 550 319 760 365; x_wconf 78' lang='lat' dir='ltr'><strong>scripturam</strong></span> <span class='ocrx_word' id='word_1_5' title='bbox 785 320 836 355; x_wconf 89' lang='lat' dir='ltr'><strong>ita</strong></span> <span class='ocrx_word' id='word_1_6' title='bbox 861 322 900 354; x_wconf 93' lang='lat' dir='ltr'><strong>ut</strong></span> <span class='ocrx_word' id='word_1_7' title='bbox 926 329 1087 354; x_wconf 87' lang='lat' dir='ltr'><strong>numerus</strong></span> <span class='ocrx_word' id='word_1_8' title='bbox 1111 320 1315 366; x_wconf 87' lang='lat' dir='ltr'><strong>plerumque</strong></span> <span class='ocrx_word' id='word_1_9' title='bbox 1339 321 1376 356; x_wconf 91' lang='lat' dir='ltr'><strong>in</strong></span> <span class='ocrx_word' id='word_1_10' title='bbox 1401 332 1499 357; x_wconf 85' lang='lat' dir='ltr'><strong>mar-</strong></span> 
     </span>
     <span class='ocr_line' id='line_1_3' title="bbox 295 375 1500 424; baseline 0.002 -13"><span class='ocrx_word' id='word_1_11' title='bbox 295 375 377 422; x_wconf 87' lang='lat' dir='ltr'>gine</span> <span class='ocrx_word' id='word_1_12' title='bbox 402 377 519 411; x_wconf 81' lang='lat' dir='ltr'><strong>dextro</strong></span> <span class='ocrx_word' id='word_1_13' title='bbox 537 377 687 421; x_wconf 88' lang='lat' dir='ltr'><strong>scriptus</strong></span> <span class='ocrx_word' id='word_1_14' title='bbox 705 377 920 424; x_wconf 72' lang='lat' dir='ltr'><strong>inveniatur,</strong></span> <span class='ocrx_word' id='word_1_15' title='bbox 947 375 1179 420; x_wconf 78' lang='lat' dir='ltr'><strong>quaternionis</strong></span> <span class='ocrx_word' id='word_1_16' title='bbox 1196 376 1307 422; x_wconf 85' lang='lat' dir='ltr'><strong>signo,</strong></span> <span class='ocrx_word' id='word_1_17' title='bbox 1325 378 1446 414; x_wconf 84' lang='lat' dir='ltr'><strong>littera</strong></span> <span class='ocrx_word' id='word_1_18' title='bbox 1462 390 1500 424; x_wconf 74' lang='lat' dir='ltr'><strong>q,</strong></span> 
     </span>
     <span class='ocr_line' id='line_1_4' title="bbox 297 433 1495 479; baseline 0.002 -10"><span class='ocrx_word' id='word_1_19' title='bbox 297 433 378 469; x_wconf 90' lang='lat' dir='ltr'><strong>hinc</strong></span> <span class='ocrx_word' id='word_1_20' title='bbox 402 434 501 469; x_wconf 90' lang='lat' dir='ltr'><strong>illinc</strong></span> <span class='ocrx_word' id='word_1_21' title='bbox 525 444 668 469; x_wconf 86' lang='lat' dir='ltr'><strong>numero</strong></span> <span class='ocrx_word' id='word_1_22' title='bbox 694 433 896 479; x_wconf 91' lang='lat' dir='ltr'><strong>praemisso.</strong></span> <span class='ocrx_word' id='word_1_23' title='bbox 931 433 973 469; x_wconf 94' lang='lat' dir='ltr'><strong>In</strong></span> <span class='ocrx_word' id='word_1_24' title='bbox 998 433 1081 469; x_wconf 87' lang='lat' dir='ltr'><strong>folio</strong></span> <span class='ocrx_word' id='word_1_25' title='bbox 1107 443 1187 469; x_wconf 89' lang='lat' dir='ltr'><strong>vero</strong></span> <span class='ocrx_word' id='word_1_26' title='bbox 1207 434 1293 470; x_wconf 63' lang='lat'><strong>130*</strong></span> <span class='ocrx_word' id='word_1_27' title='bbox 1312 445 1495 471; x_wconf 90' lang='lat' dir='ltr'><strong>numerum</strong></span> 
     </span>
     <span class='ocr_line' id='line_1_5' title="bbox 296 490 1495 534; baseline 0.003 -10"><span class='ocrx_word' id='word_1_28' title='bbox 296 491 530 534; x_wconf 81' lang='lat' dir='ltr'><strong>quaternionis</strong></span> <span class='ocrx_word' id='word_1_29' title='bbox 556 490 698 526; x_wconf 88' lang='lat' dir='ltr'>XXIIII</span> <span class='ocrx_word' id='word_1_30' title='bbox 723 491 797 526; x_wconf 90' lang='lat' dir='ltr'><strong>sine</strong></span> <span class='ocrx_word' id='word_1_31' title='bbox 824 490 929 526; x_wconf 88' lang='lat' dir='ltr'><strong>dubio</strong></span> <span class='ocrx_word' id='word_1_32' title='bbox 955 491 1194 526; x_wconf 90' lang='lat' dir='ltr'><strong>oblitteratum</strong></span> <span class='ocrx_word' id='word_1_33' title='bbox 1220 491 1390 527; x_wconf 80' lang='lat' dir='ltr'><strong>recentior</strong></span> <span class='ocrx_word' id='word_1_34' title='bbox 1420 503 1495 527; x_wconf 89' lang='lat' dir='ltr'><strong>ma-</strong></span> 
     </span>
     <span class='ocr_line' id='line_1_6' title="bbox 295 547 1499 592; baseline 0.002 -11"><span class='ocrx_word' id='word_1_35' title='bbox 295 556 379 589; x_wconf 89' lang='lat' dir='ltr'><strong>nus,</strong></span> <span class='ocrx_word' id='word_1_36' title='bbox 405 547 550 581; x_wconf 88' lang='lat' dir='ltr'><strong>fortasse</strong></span> <span class='ocrx_word' id='word_1_37' title='bbox 575 547 707 589; x_wconf 89' lang='lat' dir='ltr'><strong>eadem,</strong></span> <span class='ocrx_word' id='word_1_38' title='bbox 727 557 814 592; x_wconf 89' lang='lat' dir='ltr'><strong>quae</strong></span> <span class='ocrx_word' id='word_1_39' title='bbox 832 547 868 581; x_wconf 94' lang='lat' dir='ltr'><strong>in</strong></span> <span class='ocrx_word' id='word_1_40' title='bbox 886 547 1000 592; x_wconf 90' lang='lat' dir='ltr'><strong>prima</strong></span> <span class='ocrx_word' id='word_1_41' title='bbox 1016 547 1144 592; x_wconf 88' lang='lat' dir='ltr'><strong>pagina</strong></span> <span class='ocrx_word' id='word_1_42' title='bbox 1162 547 1290 582; x_wconf 84' lang='lat' dir='ltr'><strong>codicis</strong></span> <span class='ocrx_word' id='word_1_43' title='bbox 1309 558 1499 583; x_wconf 14' lang='lat' dir='ltr'><strong>numerum*</strong></span> 
     </span>
     <span class='ocr_line' id='line_1_7' title="bbox 294 603 1501 650; baseline 0.001 -12"><span class='ocrx_word' id='word_1_44' title='bbox 294 603 569 639; x_wconf 81' lang='lat' dir='ltr'><strong>Ambrosianum</strong></span> <span class='ocrx_word' id='word_1_45' title='bbox 601 605 844 647; x_wconf 82' lang='lat' dir='ltr'><strong>adnotaverat,</strong></span> <span class='ocrx_word' id='word_1_46' title='bbox 878 604 1072 640; x_wconf 90' lang='lat' dir='ltr'><strong>renovavit.</strong></span> <span class='ocrx_word' id='word_1_47' title='bbox 1121 604 1218 639; x_wconf 86' lang='lat' dir='ltr'><strong>Idem</strong></span> <span class='ocrx_word' id='word_1_48' title='bbox 1249 604 1321 639; x_wconf 89' lang='lat' dir='ltr'><strong>fere</strong></span> <span class='ocrx_word' id='word_1_49' title='bbox 1347 604 1501 650; x_wconf 76' lang='lat' dir='ltr'><strong>contigit-</strong></span> 
     </span>
     <span class='ocr_line' id='line_1_8' title="bbox 294 661 1499 704; baseline 0 -8"><span class='ocrx_word' id='word_1_50' title='bbox 294 661 330 696; x_wconf 92' lang='lat' dir='ltr'><strong>in</strong></span> <span class='ocrx_word' id='word_1_51' title='bbox 357 661 415 696; x_wconf 87' lang='lat' dir='ltr'><strong>fol.</strong></span> <span class='ocrx_word' id='word_1_52' title='bbox 436 661 537 704; x_wconf 48' lang='lat'><strong>1382</strong></span> <span class='ocrx_word' id='word_1_53' title='bbox 563 661 624 697; x_wconf 84' lang='lat' dir='ltr'><strong>ubi</strong></span> <span class='ocrx_word' id='word_1_54' title='bbox 649 672 813 697; x_wconf 88' lang='lat' dir='ltr'><strong>numerus</strong></span> <span class='ocrx_word' id='word_1_55' title='bbox 831 661 949 697; x_wconf 90' lang='lat' dir='ltr'>XXVI</span> <span class='ocrx_word' id='word_1_56' title='bbox 973 661 1179 697; x_wconf 87' lang='lat' dir='ltr'><strong>recentiores</strong></span> <span class='ocrx_word' id='word_1_57' title='bbox 1196 661 1392 697; x_wconf 91' lang='lat' dir='ltr'><strong>litterarum</strong></span> <span class='ocrx_word' id='word_1_58' title='bbox 1409 661 1499 697; x_wconf 85' lang='lat' dir='ltr'><strong>duc-</strong></span> 
     </span>
     <span class='ocr_line' id='line_1_9' title="bbox 294 718 1499 764; baseline -0.001 -10"><span class='ocrx_word' id='word_1_59' title='bbox 294 720 351 753; x_wconf 92' lang='lat' dir='ltr'><strong>tus</strong></span> <span class='ocrx_word' id='word_1_60' title='bbox 375 729 457 763; x_wconf 87' lang='lat' dir='ltr'><strong>prae</strong></span> <span class='ocrx_word' id='word_1_61' title='bbox 482 729 518 754; x_wconf 94' lang='lat' dir='ltr'><strong>se</strong></span> <span class='ocrx_word' id='word_1_62' title='bbox 535 719 613 762; x_wconf 89' lang='lat' dir='ltr'><strong>fert,</strong></span> <span class='ocrx_word' id='word_1_63' title='bbox 640 719 708 754; x_wconf 92' lang='lat' dir='ltr'><strong>nisi</strong></span> <span class='ocrx_word' id='word_1_64' title='bbox 727 720 815 763; x_wconf 89' lang='lat' dir='ltr'><strong>quod</strong></span> <span class='ocrx_word' id='word_1_65' title='bbox 834 719 951 754; x_wconf 89' lang='lat' dir='ltr'><strong>littera</strong></span> <span class='ocrx_word' id='word_1_66' title='bbox 968 730 989 764; x_wconf 93' lang='lat' dir='ltr'><strong>q</strong></span> <span class='ocrx_word' id='word_1_67' title='bbox 1007 719 1200 763; x_wconf 87' lang='lat' dir='ltr'><strong>praemissa</strong></span> <span class='ocrx_word' id='word_1_68' title='bbox 1221 718 1353 763; x_wconf 84' lang='lat' dir='ltr'><strong>primae</strong></span> <span class='ocrx_word' id='word_1_69' title='bbox 1371 728 1499 754; x_wconf 87' lang='lat' dir='ltr'><strong>manus</strong></span> 
     </span>
     <span class='ocr_line' id='line_1_10' title="bbox 293 775 1495 822; baseline 0.001 -12"><span class='ocrx_word' id='word_1_70' title='bbox 293 777 328 810; x_wconf 87' lang='lat' dir='ltr'><strong>et</strong></span> <span class='ocrx_word' id='word_1_71' title='bbox 354 775 503 810; x_wconf 86' lang='lat' dir='ltr'><strong>formam</strong></span> <span class='ocrx_word' id='word_1_72' title='bbox 536 778 570 810; x_wconf 91' lang='lat' dir='ltr'><strong>et</strong></span> <span class='ocrx_word' id='word_1_73' title='bbox 602 778 839 811; x_wconf 86' lang='lat' dir='ltr'><strong>atramentum</strong></span> <span class='ocrx_word' id='word_1_74' title='bbox 876 776 1036 811; x_wconf 86' lang='lat' dir='ltr'><strong>ostendit.</strong></span> <span class='ocrx_word' id='word_1_75' title='bbox 1087 775 1363 811; x_wconf 85' lang='lat' dir='ltr'><strong>Continebantur</strong></span> <span class='ocrx_word' id='word_1_76' title='bbox 1387 776 1495 822; x_wconf 86' lang='lat' dir='ltr'><strong>igitur</strong></span> 
     </span>
     <span class='ocr_line' id='line_1_11' title="bbox 290 829 1501 876; baseline 0.002 -11"><span class='ocrx_word' id='word_1_77' title='bbox 290 831 373 866; x_wconf 88' lang='lat' dir='ltr'><strong>libri</strong></span> <span class='ocrx_word' id='word_1_78' title='bbox 404 831 629 866; x_wconf 89' lang='lat' dir='ltr'>XLI—XLV</span> <span class='ocrx_word' id='word_1_79' title='bbox 662 831 824 876; x_wconf 87' lang='lat' dir='ltr'><strong>primitus</strong></span> <span class='ocrx_word' id='word_1_80' title='bbox 857 829 1137 876; x_wconf 75' lang='lat' dir='ltr'><strong>quaternionibus</strong></span> <span class='ocrx_word' id='word_1_81' title='bbox 1169 832 1325 867; x_wconf 87' lang='lat' dir='ltr'>XXXIII</span> <span class='ocrx_word' id='word_1_82' title='bbox 1362 834 1396 868; x_wconf 92' lang='lat' dir='ltr'><strong>et</strong></span> <span class='ocrx_word' id='word_1_83' title='bbox 1428 844 1501 868; x_wconf 89' lang='lat' dir='ltr'><strong>uno-</strong></span> 
     </span>
     <span class='ocr_line' id='line_1_12' title="bbox 290 889 1495 935; baseline 0 -11"><span class='ocrx_word' id='word_1_84' title='bbox 290 889 449 925; x_wconf 90' lang='lat' dir='ltr'><strong>ternione</strong></span> <span class='ocrx_word' id='word_1_85' title='bbox 481 889 534 925; x_wconf 90' lang='lat' dir='ltr'><strong>ita</strong></span> <span class='ocrx_word' id='word_1_86' title='bbox 570 889 761 935; x_wconf 81' lang='lat' dir='ltr'><strong>dispositis,</strong></span> <span class='ocrx_word' id='word_1_87' title='bbox 805 890 858 931; x_wconf 76' lang='lat' dir='ltr'><strong>ut„</strong></span> <span class='ocrx_word' id='word_1_88' title='bbox 882 891 960 935; x_wconf 87' lang='lat' dir='ltr'><strong>post</strong></span> <span class='ocrx_word' id='word_1_89' title='bbox 997 889 1133 925; x_wconf 91' lang='lat' dir='ltr'>XXXII</span> <span class='ocrx_word' id='word_1_90' title='bbox 1170 889 1407 935; x_wconf 88' lang='lat' dir='ltr'><strong>quaterniones</strong></span> <span class='ocrx_word' id='word_1_91' title='bbox 1440 889 1495 924; x_wconf 92' lang='lat' dir='ltr'><strong>in-</strong></span> 
     </span>
     <span class='ocr_line' id='line_1_13' title="bbox 293 947 1500 993; baseline 0 -11"><span class='ocrx_word' id='word_1_92' title='bbox 293 948 466 982; x_wconf 87' lang='lat' dir='ltr'><strong>sereretur</strong></span> <span class='ocrx_word' id='word_1_93' title='bbox 499 947 620 990; x_wconf 76' lang='lat' dir='ltr'><strong>terni0‚</strong></span> <span class='ocrx_word' id='word_1_94' title='bbox 657 958 758 992; x_wconf 89' lang='lat' dir='ltr'><strong>quem</strong></span> <span class='ocrx_word' id='word_1_95' title='bbox 792 947 971 993; x_wconf 87' lang='lat' dir='ltr'><strong>quaternio</strong></span> <span class='ocrx_word' id='word_1_96' title='bbox 1004 949 1196 991; x_wconf 90' lang='lat' dir='ltr'><strong>postremus</strong></span> <span class='ocrx_word' id='word_1_97' title='bbox 1223 947 1370 992; x_wconf 86' lang='lat' dir='ltr'><strong>excepit,</strong></span> <span class='ocrx_word' id='word_1_98' title='bbox 1398 947 1500 982; x_wconf 79' lang='lat' dir='ltr'><strong>cuius.</strong></span> 
     </span>
     <span class='ocr_line' id='line_1_14' title="bbox 293 1003 1496 1039; baseline 0 -1"><span class='ocrx_word' id='word_1_99' title='bbox 293 1004 459 1039; x_wconf 90' lang='lat' dir='ltr'><strong>ultimum</strong></span> <span class='ocrx_word' id='word_1_100' title='bbox 477 1004 600 1039; x_wconf 87' lang='lat' dir='ltr'><strong>folium</strong></span> <span class='ocrx_word' id='word_1_101' title='bbox 618 1004 688 1038; x_wconf 89' lang='lat' dir='ltr'><strong>iam</strong></span> <span class='ocrx_word' id='word_1_102' title='bbox 706 1005 748 1039; x_wconf 90' lang='lat' dir='ltr'><strong>ab</strong></span> <span class='ocrx_word' id='word_1_103' title='bbox 766 1004 866 1039; x_wconf 89' lang='lat' dir='ltr'><strong>initio</strong></span> <span class='ocrx_word' id='word_1_104' title='bbox 884 1006 1069 1039; x_wconf 87' lang='lat' dir='ltr'><strong>vacaverat</strong></span> <span class='ocrx_word' id='word_1_105' title='bbox 1087 1005 1121 1038; x_wconf 90' lang='lat' dir='ltr'><strong>et</strong></span> <span class='ocrx_word' id='word_1_106' title='bbox 1135 1004 1233 1038; x_wconf 89' lang='lat' dir='ltr'><strong>cuius</strong></span> <span class='ocrx_word' id='word_1_107' title='bbox 1250 1004 1351 1039; x_wconf 91' lang='lat' dir='ltr'><strong>hodie</strong></span> <span class='ocrx_word' id='word_1_108' title='bbox 1369 1003 1496 1039; x_wconf 90' lang='lat' dir='ltr'><strong>desunt</strong></span> 
     </span>
    </p>
   </div>
   <div class='ocr_carea' id='block_1_3' title="bbox 294 1060 565 1097">
    <p class='ocr_par' dir='ltr' id='par_1_3' title="bbox 294 1060 565 1097">
     <span class='ocr_line' id='line_1_15' title="bbox 294 1060 565 1097; baseline 0 -1"><span class='ocrx_word' id='word_1_109' title='bbox 294 1060 378 1097; x_wconf 90' lang='lat' dir='ltr'><strong>folia</strong></span> <span class='ocrx_word' id='word_1_110' title='bbox 403 1063 565 1096; x_wconf 81' lang='lat' dir='ltr'><strong>extrema.</strong></span> 
     </span>
    </p>
   </div>
   <div class='ocr_carea' id='block_1_4' title="bbox 121 1201 1497 2165">
    <p class='ocr_par' dir='ltr' id='par_1_4' title="bbox 121 1201 1497 2165">
     <span class='ocr_line' id='line_1_16' title="bbox 132 1201 1497 1247; baseline 0.004 -14"><span class='ocrx_word' id='word_1_111' title='bbox 132 1210 230 1234; x_wconf 69' lang='lat' dir='ltr'><strong>Numeri</strong></span> <span class='ocrx_word' id='word_1_112' title='bbox 246 1218 260 1233; x_wconf 70' lang='lat' dir='ltr'><strong>a</strong></span> <span class='ocrx_word' id='word_1_113' title='bbox 408 1202 502 1246; x_wconf 83' lang='lat' dir='ltr'><strong>Quae</strong></span> <span class='ocrx_word' id='word_1_114' title='bbox 529 1213 609 1238; x_wconf 88' lang='lat' dir='ltr'><strong>cum</strong></span> <span class='ocrx_word' id='word_1_115' title='bbox 634 1201 685 1238; x_wconf 89' lang='lat' dir='ltr'><strong>ita</strong></span> <span class='ocrx_word' id='word_1_116' title='bbox 709 1203 788 1242; x_wconf 80' lang='lat' dir='ltr'><strong>sint.</strong></span> <span class='ocrx_word' id='word_1_117' title='bbox 814 1202 886 1237; x_wconf 92' lang='lat' dir='ltr'><strong>iam</strong></span> <span class='ocrx_word' id='word_1_118' title='bbox 912 1202 1087 1238; x_wconf 83' lang='lat' dir='ltr'><strong>enascitur</strong></span> <span class='ocrx_word' id='word_1_119' title='bbox 1113 1202 1268 1247; x_wconf 89' lang='lat' dir='ltr'><strong>quaestio</strong></span> <span class='ocrx_word' id='word_1_120' title='bbox 1293 1202 1411 1238; x_wconf 87' lang='lat' dir='ltr'><strong>utrum</strong></span> <span class='ocrx_word' id='word_1_121' title='bbox 1438 1214 1497 1239; x_wconf 90' lang='lat' dir='ltr'><strong>co-</strong></span> 
     </span>
     <span class='ocr_line' id='line_1_17' title="bbox 121 1246 1492 1307; baseline 0.001 -13"><span class='ocrx_word' id='word_1_122' title='bbox 121 1246 265 1302; x_wconf 43' lang='lat' dir='ltr'><strong>mfffflfffqe-c&#39;</strong></span> <span class='ocrx_word' id='word_1_123' title='bbox 291 1259 354 1294; x_wconf 84' lang='lat' dir='ltr'><strong>dex</strong></span> <span class='ocrx_word' id='word_1_124' title='bbox 379 1270 418 1295; x_wconf 88' lang='lat' dir='ltr'><strong>eo</strong></span> <span class='ocrx_word' id='word_1_125' title='bbox 444 1261 704 1307; x_wconf 31' lang='lat' dir='ltr'><strong>tempora-quo</strong></span> <span class='ocrx_word' id='word_1_126' title='bbox 730 1260 767 1294; x_wconf 93' lang='lat' dir='ltr'><strong>in</strong></span> <span class='ocrx_word' id='word_1_127' title='bbox 785 1260 933 1295; x_wconf 85' lang='lat' dir='ltr'><strong>Frisiam</strong></span> <span class='ocrx_word' id='word_1_128' title='bbox 958 1259 1124 1304; x_wconf 86' lang='lat' dir='ltr'><strong>migravit</strong></span> <span class='ocrx_word' id='word_1_129' title='bbox 1148 1260 1205 1305; x_wconf 75' lang='lat' dir='ltr'><strong>vel</strong></span> <span class='ocrx_word' id='word_1_130' title='bbox 1229 1259 1342 1304; x_wconf 90' lang='lat' dir='ltr'><strong>potius</strong></span> <span class='ocrx_word' id='word_1_131' title='bbox 1368 1271 1434 1305; x_wconf 93' lang='lat' dir='ltr'><strong>quo</strong></span> <span class='ocrx_word' id='word_1_132' title='bbox 1458 1262 1492 1296; x_wconf 87' lang='lat' dir='ltr'><strong>in</strong></span> 
     </span>
     <span class='ocr_line' id='line_1_18' title="bbox 146 1299 1496 1361; baseline 0.001 -10"><span class='ocrx_word' id='word_1_133' title='bbox 146 1299 240 1325; x_wconf 54' lang='lat' dir='ltr'><strong>&#39;mmm&#39;</strong></span> <span class='ocrx_word' id='word_1_134' title='bbox 289 1316 496 1351; x_wconf 81' lang='lat' dir='ltr'><strong>Theatberti</strong></span> <span class='ocrx_word' id='word_1_135' title='bbox 522 1317 618 1351; x_wconf 88' lang='lat' dir='ltr'><strong>venit</strong></span> <span class='ocrx_word' id='word_1_136' title='bbox 642 1316 904 1361; x_wconf 87' lang='lat' dir='ltr'><strong>possessionem,</strong></span> <span class='ocrx_word' id='word_1_137' title='bbox 932 1317 1067 1361; x_wconf 86' lang='lat' dir='ltr'><strong>integer</strong></span> <span class='ocrx_word' id='word_1_138' title='bbox 1092 1316 1199 1351; x_wconf 89' lang='lat' dir='ltr'><strong>fuerit</strong></span> <span class='ocrx_word' id='word_1_139' title='bbox 1224 1327 1342 1352; x_wconf 89' lang='lat' dir='ltr'><strong>necne.</strong></span> <span class='ocrx_word' id='word_1_140' title='bbox 1382 1317 1496 1359; x_wconf 83' lang='lat' dir='ltr'><strong>Quam</strong></span> 
     </span>
     <span class='ocr_line' id='line_1_19' title="bbox 290 1373 1492 1419; baseline 0 -10"><span class='ocrx_word' id='word_1_141' title='bbox 290 1374 531 1419; x_wconf 83' lang='lat' dir='ltr'><strong>quaestionem</strong></span> <span class='ocrx_word' id='word_1_142' title='bbox 569 1374 609 1409; x_wconf 93' lang='lat' dir='ltr'><strong>ut</strong></span> <span class='ocrx_word' id='word_1_143' title='bbox 645 1375 817 1419; x_wconf 90' lang='lat' dir='ltr'><strong>possimus</strong></span> <span class='ocrx_word' id='word_1_144' title='bbox 850 1374 1056 1417; x_wconf 85' lang='lat' dir='ltr'><strong>diiudicare,</strong></span> <span class='ocrx_word' id='word_1_145' title='bbox 1095 1374 1247 1409; x_wconf 88' lang='lat' dir='ltr'><strong>numeris</strong></span> <span class='ocrx_word' id='word_1_146' title='bbox 1285 1373 1492 1419; x_wconf 89' lang='lat' dir='ltr'><strong>quibusdam</strong></span> 
     </span>
     <span class='ocr_line' id='line_1_20' title="bbox 290 1431 1493 1477; baseline 0.001 -12"><span class='ocrx_word' id='word_1_147' title='bbox 290 1431 451 1472; x_wconf 85' lang='lat' dir='ltr'><strong>efficitur,</strong></span> <span class='ocrx_word' id='word_1_148' title='bbox 484 1432 544 1476; x_wconf 92' lang='lat' dir='ltr'><strong>qui</strong></span> <span class='ocrx_word' id='word_1_149' title='bbox 576 1432 614 1466; x_wconf 92' lang='lat' dir='ltr'><strong>in</strong></span> <span class='ocrx_word' id='word_1_150' title='bbox 640 1431 754 1467; x_wconf 90' lang='lat' dir='ltr'><strong>codice</strong></span> <span class='ocrx_word' id='word_1_151' title='bbox 786 1432 1013 1467; x_wconf 85' lang='lat' dir='ltr'><strong>inveniuntur</strong></span> <span class='ocrx_word' id='word_1_152' title='bbox 1045 1431 1166 1477; x_wconf 90' lang='lat' dir='ltr'><strong>scripti</strong></span> <span class='ocrx_word' id='word_1_153' title='bbox 1198 1431 1326 1466; x_wconf 88' lang='lat' dir='ltr'><strong>litteris</strong></span> <span class='ocrx_word' id='word_1_154' title='bbox 1360 1431 1493 1467; x_wconf 78' lang='lat' dir='ltr'><strong>saeculi</strong></span> 
     </span>
     <span class='ocr_line' id='line_1_21' title="bbox 287 1488 1491 1534; baseline -0.001 -10"><span class='ocrx_word' id='word_1_155' title='bbox 287 1488 388 1525; x_wconf 86' lang='lat' dir='ltr'>VIII.</span> <span class='ocrx_word' id='word_1_156' title='bbox 429 1489 616 1533; x_wconf 87' lang='lat' dir='ltr'><strong>eodemque</strong></span> <span class='ocrx_word' id='word_1_157' title='bbox 649 1490 861 1532; x_wconf 84' lang='lat' dir='ltr'><strong>atramento,</strong></span> <span class='ocrx_word' id='word_1_158' title='bbox 903 1498 968 1533; x_wconf 90' lang='lat' dir='ltr'><strong>quo</strong></span> <span class='ocrx_word' id='word_1_159' title='bbox 1003 1488 1142 1533; x_wconf 86' lang='lat' dir='ltr'><strong>adpicta</strong></span> <span class='ocrx_word' id='word_1_160' title='bbox 1174 1492 1227 1523; x_wconf 87' lang='lat' dir='ltr'><strong>est</strong></span> <span class='ocrx_word' id='word_1_161' title='bbox 1264 1489 1491 1534; x_wconf 86' lang='lat' dir='ltr'><strong>subscriptio;</strong></span> 
     </span>
     <span class='ocr_line' id='line_1_22' title="bbox 287 1545 1496 1590; baseline -0.002 -8"><span class='ocrx_word' id='word_1_162' title='bbox 287 1547 379 1583; x_wconf 90' lang='lat' dir='ltr'><strong>unde</strong></span> <span class='ocrx_word' id='word_1_163' title='bbox 418 1546 507 1582; x_wconf 90' lang='lat' dir='ltr'><strong>nihil</strong></span> <span class='ocrx_word' id='word_1_164' title='bbox 546 1546 672 1582; x_wconf 89' lang='lat' dir='ltr'><strong>habere</strong></span> <span class='ocrx_word' id='word_1_165' title='bbox 711 1546 851 1581; x_wconf 88' lang='lat' dir='ltr'><strong>videtur</strong></span> <span class='ocrx_word' id='word_1_166' title='bbox 884 1545 1093 1581; x_wconf 87' lang='lat' dir='ltr'><strong>temeritatis</strong></span> <span class='ocrx_word' id='word_1_167' title='bbox 1120 1546 1309 1588; x_wconf 86' lang='lat' dir='ltr'><strong>sententia,</strong></span> <span class='ocrx_word' id='word_1_168' title='bbox 1348 1555 1414 1590; x_wconf 91' lang='lat' dir='ltr'><strong>qua</strong></span> <span class='ocrx_word' id='word_1_169' title='bbox 1446 1545 1496 1580; x_wconf 86' lang='lat' dir='ltr'><strong>ab</strong></span> 
     </span>
     <span class='ocr_line' id='line_1_23' title="bbox 288 1602 1492 1648; baseline -0.002 -8"><span class='ocrx_word' id='word_1_170' title='bbox 288 1605 409 1640; x_wconf 89' lang='lat' dir='ltr'><strong>eadem</strong></span> <span class='ocrx_word' id='word_1_171' title='bbox 434 1614 540 1639; x_wconf 88' lang='lat' dir='ltr'><strong>manu</strong></span> <span class='ocrx_word' id='word_1_172' title='bbox 568 1614 624 1639; x_wconf 92' lang='lat' dir='ltr'><strong>eos</strong></span> <span class='ocrx_word' id='word_1_173' title='bbox 650 1613 811 1638; x_wconf 89' lang='lat' dir='ltr'><strong>numeros</strong></span> <span class='ocrx_word' id='word_1_174' title='bbox 837 1603 1029 1648; x_wconf 88' lang='lat' dir='ltr'><strong>adscriptos</strong></span> <span class='ocrx_word' id='word_1_175' title='bbox 1056 1613 1130 1638; x_wconf 88' lang='lat' dir='ltr'><strong>esse</strong></span> <span class='ocrx_word' id='word_1_176' title='bbox 1156 1603 1362 1648; x_wconf 78' lang='lat' dir='ltr'><strong>statuamus.</strong></span> <span class='ocrx_word' id='word_1_177' title='bbox 1400 1602 1492 1638; x_wconf 86' lang='lat' dir='ltr'><strong>Sunt</strong></span> 
     </span>
     <span class='ocr_line' id='line_1_24' title="bbox 286 1658 1495 1705; baseline 0.002 -7"><span class='ocrx_word' id='word_1_178' title='bbox 286 1664 404 1698; x_wconf 87' lang='lat' dir='ltr'><strong>autem</strong></span> <span class='ocrx_word' id='word_1_179' title='bbox 438 1661 574 1696; x_wconf 90' lang='lat' dir='ltr'><strong>numeri</strong></span> <span class='ocrx_word' id='word_1_180' title='bbox 611 1659 723 1697; x_wconf 82' lang='grc' dir='ltr'>Ι-ΧΙ</span> <span class='ocrx_word' id='word_1_181' title='bbox 762 1670 906 1705; x_wconf 89' lang='lat' dir='ltr'><strong>quorum</strong></span> <span class='ocrx_word' id='word_1_182' title='bbox 946 1660 1081 1696; x_wconf 86' lang='lat' dir='ltr'><strong>numeri</strong></span> <span class='ocrx_word' id='word_1_183' title='bbox 1113 1660 1149 1704; x_wconf 91' lang='grc' dir='ltr'><strong>ΙΙ,</strong></span> <span class='ocrx_word' id='word_1_184' title='bbox 1187 1660 1236 1701; x_wconf 89' lang='grc' dir='ltr'>ΙΙΙ,</span> <span class='ocrx_word' id='word_1_185' title='bbox 1269 1661 1333 1703; x_wconf 86' lang='grc' dir='ltr'>ΙΙΙΙ,</span> <span class='ocrx_word' id='word_1_186' title='bbox 1367 1658 1404 1704; x_wconf 83' lang='grc' dir='ltr'><strong>ΙΙ,</strong></span> <span class='ocrx_word' id='word_1_187' title='bbox 1438 1661 1495 1705; x_wconf 65' lang='grc' dir='ltr'><strong>ΙΙΙ,</strong></span> 
     </span>
     <span class='ocr_line' id='line_1_25' title="bbox 288 1717 1493 1765; baseline -0.002 -8"><span class='ocrx_word' id='word_1_188' title='bbox 288 1719 353 1762; x_wconf 84' lang='grc' dir='ltr'>ΙΙΙΙ,</span> <span class='ocrx_word' id='word_1_189' title='bbox 373 1719 455 1762; x_wconf 84' lang='lat' dir='ltr'><strong>vm,</strong></span> <span class='ocrx_word' id='word_1_190' title='bbox 474 1718 569 1762; x_wconf 83' lang='grc' dir='ltr'>ΙΙΙΙΙΙ,</span> <span class='ocrx_word' id='word_1_191' title='bbox 588 1717 616 1755; x_wconf 88' lang='grc' dir='ltr'><strong>Χ</strong></span> <span class='ocrx_word' id='word_1_192' title='bbox 633 1719 668 1753; x_wconf 91' lang='lat' dir='ltr'><strong>in</strong></span> <span class='ocrx_word' id='word_1_193' title='bbox 686 1718 849 1754; x_wconf 88' lang='lat' dir='ltr'><strong>foliorum</strong></span> <span class='ocrx_word' id='word_1_194' title='bbox 867 1719 1081 1763; x_wconf 88' lang='lat' dir='ltr'><strong>quorundam</strong></span> <span class='ocrx_word' id='word_1_195' title='bbox 1107 1719 1244 1765; x_wconf 87' lang='lat' dir='ltr'><strong>paginis</strong></span> <span class='ocrx_word' id='word_1_196' title='bbox 1271 1719 1376 1755; x_wconf 90' lang='lat' dir='ltr'><strong>versis</strong></span> <span class='ocrx_word' id='word_1_197' title='bbox 1402 1720 1493 1755; x_wconf 85' lang='lat' dir='ltr'><strong>infra</strong></span> 
     </span>
     <span class='ocr_line' id='line_1_26' title="bbox 286 1775 1491 1822; baseline -0.001 -9"><span class='ocrx_word' id='word_1_198' title='bbox 286 1778 499 1822; x_wconf 87' lang='lat' dir='ltr'><strong>scripturam</strong></span> <span class='ocrx_word' id='word_1_199' title='bbox 524 1777 637 1821; x_wconf 90' lang='lat' dir='ltr'><strong>ipsam</strong></span> <span class='ocrx_word' id='word_1_200' title='bbox 663 1777 712 1812; x_wconf 86' lang='lat' dir='ltr'><strong>ita</strong></span> <span class='ocrx_word' id='word_1_201' title='bbox 730 1775 1037 1821; x_wconf 89' lang='lat' dir='ltr'><strong>deprehenduntur</strong></span> <span class='ocrx_word' id='word_1_202' title='bbox 1061 1777 1203 1817; x_wconf 85' lang='lat' dir='ltr'><strong>exarati,</strong></span> <span class='ocrx_word' id='word_1_203' title='bbox 1230 1779 1269 1811; x_wconf 94' lang='lat' dir='ltr'><strong>ut</strong></span> <span class='ocrx_word' id='word_1_204' title='bbox 1295 1787 1362 1812; x_wconf 93' lang='lat' dir='ltr'><strong>non</strong></span> <span class='ocrx_word' id='word_1_205' title='bbox 1388 1788 1491 1822; x_wconf 85' lang='lat' dir='ltr'><strong>quem</strong></span> 
     </span>
     <span class='ocr_line' id='line_1_27' title="bbox 286 1833 1490 1880; baseline 0 -10"><span class='ocrx_word' id='word_1_206' title='bbox 286 1834 554 1880; x_wconf 84' lang='lat' dir='ltr'><strong>quaternionum</strong></span> <span class='ocrx_word' id='word_1_207' title='bbox 579 1833 681 1878; x_wconf 89' lang='lat' dir='ltr'><strong>signa</strong></span> <span class='ocrx_word' id='word_1_208' title='bbox 705 1833 900 1879; x_wconf 86' lang='lat' dir='ltr'><strong>marginem</strong></span> <span class='ocrx_word' id='word_1_209' title='bbox 925 1834 1100 1874; x_wconf 82' lang='lat' dir='ltr'><strong>dextrum,</strong></span> <span class='ocrx_word' id='word_1_210' title='bbox 1134 1833 1193 1868; x_wconf 89' lang='lat' dir='ltr'><strong>sed</strong></span> <span class='ocrx_word' id='word_1_211' title='bbox 1217 1834 1370 1869; x_wconf 90' lang='lat' dir='ltr'><strong>medium</strong></span> <span class='ocrx_word' id='word_1_212' title='bbox 1396 1845 1490 1870; x_wconf 89' lang='lat' dir='ltr'><strong>mar-</strong></span> 
     </span>
     <span class='ocr_line' id='line_1_28' title="bbox 284 1889 1493 1938; baseline 0.001 -12"><span class='ocrx_word' id='word_1_213' title='bbox 284 1893 404 1938; x_wconf 85' lang='lat' dir='ltr'><strong>ginem</strong></span> <span class='ocrx_word' id='word_1_214' title='bbox 424 1891 610 1936; x_wconf 89' lang='lat' dir='ltr'><strong>occupent;</strong></span> <span class='ocrx_word' id='word_1_215' title='bbox 629 1890 765 1924; x_wconf 91' lang='lat' dir='ltr'><strong>numeri</strong></span> <span class='ocrx_word' id='word_1_216' title='bbox 783 1901 863 1925; x_wconf 89' lang='lat' dir='ltr'><strong>vero</strong></span> <span class='ocrx_word' id='word_1_217' title='bbox 883 1890 892 1927; x_wconf 98' lang='grc' dir='ltr'>Ι</span> <span class='ocrx_word' id='word_1_218' title='bbox 914 1892 949 1925; x_wconf 90' lang='lat' dir='ltr'><strong>et</strong></span> <span class='ocrx_word' id='word_1_219' title='bbox 966 1889 1005 1927; x_wconf 87' lang='grc' dir='ltr'><strong>ΧΙ</strong></span> <span class='ocrx_word' id='word_1_220' title='bbox 1022 1889 1064 1925; x_wconf 81' lang='lat' dir='ltr'><strong>in</strong></span> <span class='ocrx_word' id='word_1_221' title='bbox 1088 1889 1182 1925; x_wconf 86' lang='lat' dir='ltr'><strong>foliis</strong></span> <span class='ocrx_word' id='word_1_222' title='bbox 1203 1891 1220 1925; x_wconf 94' lang='lat'>1</span> <span class='ocrx_word' id='word_1_223' title='bbox 1240 1892 1276 1925; x_wconf 88' lang='lat' dir='ltr'><strong>et</strong></span> <span class='ocrx_word' id='word_1_224' title='bbox 1301 1891 1368 1927; x_wconf 90' lang='lat'><strong>188</strong></span> <span class='ocrx_word' id='word_1_225' title='bbox 1386 1892 1493 1927; x_wconf 85' lang='lat' dir='ltr'><strong>rectis</strong></span> 
     </span>
     <span class='ocr_line' id='line_1_29' title="bbox 284 1948 1491 1995; baseline -0.002 -10"><span class='ocrx_word' id='word_1_226' title='bbox 284 1950 460 1995; x_wconf 88' lang='lat' dir='ltr'><strong>leguntur.</strong></span> <span class='ocrx_word' id='word_1_227' title='bbox 487 1949 689 1993; x_wconf 89' lang='lat' dir='ltr'><strong>Antequam</strong></span> <span class='ocrx_word' id='word_1_228' title='bbox 705 1949 823 1983; x_wconf 86' lang='lat' dir='ltr'><strong>autem</strong></span> <span class='ocrx_word' id='word_1_229' title='bbox 843 1948 898 1991; x_wconf 91' lang='lat' dir='ltr'><strong>iis,</strong></span> <span class='ocrx_word' id='word_1_230' title='bbox 917 1958 1004 1993; x_wconf 86' lang='lat' dir='ltr'><strong>quae</strong></span> <span class='ocrx_word' id='word_1_231' title='bbox 1018 1949 1118 1983; x_wconf 88' lang='lat' dir='ltr'><strong>modo</strong></span> <span class='ocrx_word' id='word_1_232' title='bbox 1133 1948 1334 1992; x_wconf 87' lang='lat' dir='ltr'><strong>adtulimus,</strong></span> <span class='ocrx_word' id='word_1_233' title='bbox 1349 1949 1491 1983; x_wconf 90' lang='lat' dir='ltr'><strong>utamur</strong></span> 
     </span>
     <span class='ocr_line' id='line_1_30' title="bbox 284 2005 1488 2048; baseline -0.002 -7"><span class='ocrx_word' id='word_1_234' title='bbox 284 2005 328 2042; x_wconf 87' lang='lat' dir='ltr'><strong>ad</strong></span> <span class='ocrx_word' id='word_1_235' title='bbox 357 2006 483 2041; x_wconf 88' lang='lat' dir='ltr'><strong>codicis</strong></span> <span class='ocrx_word' id='word_1_236' title='bbox 508 2005 689 2041; x_wconf 88' lang='lat' dir='ltr'><strong>historiam</strong></span> <span class='ocrx_word' id='word_1_237' title='bbox 708 2005 974 2048; x_wconf 88' lang='lat' dir='ltr'><strong>inlustrandam,</strong></span> <span class='ocrx_word' id='word_1_238' title='bbox 994 2006 1058 2040; x_wconf 86' lang='lat' dir='ltr'><strong>hoc</strong></span> <span class='ocrx_word' id='word_1_239' title='bbox 1075 2006 1149 2040; x_wconf 89' lang='lat' dir='ltr'><strong>loco</strong></span> <span class='ocrx_word' id='word_1_240' title='bbox 1168 2005 1366 2041; x_wconf 85' lang='lat' dir='ltr'><strong>exhibemus</strong></span> <span class='ocrx_word' id='word_1_241' title='bbox 1384 2006 1488 2040; x_wconf 88' lang='lat' dir='ltr'><strong>tabu-</strong></span> 
     </span>
     <span class='ocr_line' id='line_1_31' title="bbox 284 2062 1489 2109; baseline -0.002 -11"><span class='ocrx_word' id='word_1_242' title='bbox 284 2063 369 2104; x_wconf 92' lang='lat' dir='ltr'><strong>lam,</strong></span> <span class='ocrx_word' id='word_1_243' title='bbox 404 2074 472 2108; x_wconf 88' lang='lat' dir='ltr'><strong>qua</strong></span> <span class='ocrx_word' id='word_1_244' title='bbox 504 2063 663 2109; x_wconf 87' lang='lat' dir='ltr'><strong>intellegi</strong></span> <span class='ocrx_word' id='word_1_245' title='bbox 697 2064 806 2109; x_wconf 82' lang='lat' dir='ltr'><strong>possit</strong></span> <span class='ocrx_word' id='word_1_246' title='bbox 840 2066 873 2099; x_wconf 90' lang='lat' dir='ltr'><strong>et</strong></span> <span class='ocrx_word' id='word_1_247' title='bbox 909 2074 995 2109; x_wconf 88' lang='lat' dir='ltr'><strong>quae</strong></span> <span class='ocrx_word' id='word_1_248' title='bbox 1029 2062 1114 2098; x_wconf 88' lang='lat' dir='ltr'><strong>folia</strong></span> <span class='ocrx_word' id='word_1_249' title='bbox 1145 2063 1201 2099; x_wconf 89' lang='lat' dir='ltr'><strong>vel</strong></span> <span class='ocrx_word' id='word_1_250' title='bbox 1227 2062 1333 2099; x_wconf 87' lang='lat' dir='ltr'><strong>etiam</strong></span> <span class='ocrx_word' id='word_1_251' title='bbox 1359 2062 1489 2108; x_wconf 87' lang='lat' dir='ltr'><strong>integri</strong></span> 
     </span>
     <span class='ocr_line' id='line_1_32' title="bbox 285 2119 1495 2165; baseline -0.001 -11"><span class='ocrx_word' id='word_1_252' title='bbox 285 2120 529 2165; x_wconf 87' lang='lat' dir='ltr'><strong>quaterniones</strong></span> <span class='ocrx_word' id='word_1_253' title='bbox 554 2120 656 2156; x_wconf 89' lang='lat' dir='ltr'><strong>hodie</strong></span> <span class='ocrx_word' id='word_1_254' title='bbox 682 2120 797 2156; x_wconf 87' lang='lat' dir='ltr'><strong>desint</strong></span> <span class='ocrx_word' id='word_1_255' title='bbox 823 2122 860 2155; x_wconf 86' lang='lat' dir='ltr'><strong>et</strong></span> <span class='ocrx_word' id='word_1_256' title='bbox 891 2121 1016 2165; x_wconf 91' lang='lat' dir='ltr'><strong>quibus</strong></span> <span class='ocrx_word' id='word_1_257' title='bbox 1033 2121 1127 2155; x_wconf 88' lang='lat' dir='ltr'><strong>foliis</strong></span> <span class='ocrx_word' id='word_1_258' title='bbox 1156 2120 1290 2155; x_wconf 91' lang='lat' dir='ltr'><strong>numeri</strong></span> <span class='ocrx_word' id='word_1_259' title='bbox 1319 2119 1495 2164; x_wconf 81' lang='lat' dir='ltr'><strong>dupplicis</strong></span> 
     </span>
    </p>
   </div>
   <div class='ocr_carea' id='block_1_5' title="bbox 282 2177 720 2225">
    <p class='ocr_par' dir='ltr' id='par_1_5' title="bbox 282 2177 720 2225">
     <span class='ocr_line' id='line_1_33' title="bbox 282 2177 720 2225; baseline -0.002 -11"><span class='ocrx_word' id='word_1_260' title='bbox 282 2177 420 2225; x_wconf 87' lang='lat' dir='ltr'><strong>generis</strong></span> <span class='ocrx_word' id='word_1_261' title='bbox 446 2178 612 2223; x_wconf 88' lang='lat' dir='ltr'><strong>adscripti</strong></span> <span class='ocrx_word' id='word_1_262' title='bbox 638 2178 720 2214; x_wconf 89' lang='lat' dir='ltr'><strong>sint.</strong></span> 
     </span>
    </p>
   </div>
  </div>
 </body>
</html>
