1721 2727
774 193 1001 227 --44-

112 301 256 353 ]ξᾱὶζῑοῑωψ
404 294 520 340 Atque
559 294 724 330 lectiones
762 295 943 339 utriusque
976 294 1137 330 editionis
1176 295 1350 331 variantes
1383 293 1487 339 inspi-

113 336 270 408 x{¹}n}:{};¹i¹f
289 351 395 386 cienti
422 353 542 387 statim
568 354 708 396 adparet
734 362 802 386 non
828 352 899 386 eius
926 354 1069 386 naturae
1096 362 1169 386 esse
1196 353 1415 387 mutationes.
1448 353 1489 385 ut

242 403 247 409 “
290 410 360 443 toto
386 408 480 444 caelo
506 408 668 444 differant
695 408 782 443 duae
807 407 887 443 illae
914 407 1099 450 editiones3
1126 408 1233 443 immo
1265 408 1294 443 si
1327 406 1488 453 respicias

290 466 333 500 ad
360 468 412 500 tot
437 466 577 500 lacunas
604 465 815 509 mendasque
848 475 909 500 nec
942 467 1027 500 tunc
1059 465 1226 509 temporis
1252 475 1362 509 neque
1389 464 1488 499 hodie

288 524 437 562 sanatas,
465 531 611 565 quarum
635 522 751 555 tamen
777 521 877 555 nulla
902 531 945 555 ne
970 521 1127 566 tangitur
1160 520 1317 565 quidem,
1344 519 1489 555 dubium

289 588 363 613 esse
388 578 518 623 nequit,
546 579 628 623 quin
642 578 762 624 paucis
788 578 898 624 iisque
925 577 1061 614 levibus
1079 578 1217 614 tantum
1242 578 1343 613 rebus
1369 587 1488 622 excep-

288 635 334 670 tis
373 636 478 670 editio
520 635 629 670 altera
669 637 790 670 eadem
830 636 875 670 sit
918 645 958 670 ac
1000 635 1119 681 prior;
1169 635 1258 679 quod
1303 635 1411 670 etiam
1451 645 1490 668 ex

287 691 390 726 titulo
417 692 558 735 quintae
586 691 706 726 decadi
732 691 881 735 praefixo
907 692 1056 735 adparet.
1083 691 1175 726 Nam
1205 693 1245 725 ut
1272 691 1362 725 nihil
1377 691 1490 725 dicam

289 747 393 782 huius
426 748 565 783 decadis
598 748 801 790 editionem,
843 747 976 783 scilicet
1009 748 1045 783 in
1079 758 1147 793 qua
1184 748 1336 792 paranda
1373 747 1489 783 minus

288 804 507 839 conlocatum
541 805 614 840 erat
652 805 801 849 negotii,
841 805 909 839 iam
943 815 1032 840 anno
1066 805 1159 840 1534
1185 815 1256 839 esse
1283 804 1488 847 confectam,

287 862 385 896 nulla
410 861 450 895 fit
476 860 608 895 mentio
634 860 882 905 recognitionis
909 862 1105 895 accuratius
1132 861 1328 903 institutae,
1346 861 1381 895 id
1400 862 1489 906 quod

287 918 324 953 in
349 918 462 964 prima
487 917 651 953 editionis
677 928 755 964 pag.
783 919 824 952 de
851 918 961 952 tribus
987 918 1160 962 prioribus
1178 918 1363 953 decadibus
1382 918 1489 954 diser-

289 976 334 1010 tis
361 974 476 1010 verbis
495 975 731 1019 praedicatur:
760 974 797 1008 Τ.
817 974 919 1009 Liuii
943 974 1121 1017 Patauini
1139 974 1292 1010 Latinae
1310 975 1491 1010 Historiae

288 1031 475 1076 Principis
511 1030 667 1066 Decades
703 1034 771 1066 tres
808 1042 885 1067 cum
920 1031 1070 1067 dimidia
1104 1032 1202 1077 lonye
1233 1034 1349 1066 tamen
1386 1043 1490 1076 quam

288 1100 401 1132 nuper
431 1089 708 1130 emaculatiores,
751 1089 840 1133 quod
874 1100 968 1124 nunc
993 1089 1130 1124 demum
1156 1089 1204 1124 ad
1228 1092 1345 1124 uetera
1370 1092 1490 1124 contu-

288 1145 432 1180 lerimus
473 1145 736 1188 exemplaria..
754 1173 783 1180 ..
834 1146 1002 1189 Accedit,
1045 1148 1133 1190 quod
1176 1146 1297 1181 eadem
1340 1146 1490 1190 epistula

288 1202 403 1238 Desid.
454 1203 608 1242 Erasini,
645 1212 732 1246 quae
760 1202 902 1238 editioni
928 1203 1058 1246 priori,
1086 1203 1166 1252 huic
1193 1213 1326 1248 quoque
1351 1214 1393 1237 ne
1419 1203 1490 1238 ullo

289 1259 430 1304 quidem
457 1258 559 1293 verbo
591 1258 726 1293 mutato
765 1259 950 1303 eodemque
983 1259 1148 1303 temporis
1181 1259 1309 1294 indicio
1334 1259 1491 1304 adposito

292 1315 452 1361 (Calend.
481 1315 632 1349 Martiis
659 1313 909 1360 MDXXXI)
935 1316 1128 1360 praemissa
1153 1318 1215 1352 est.
1257 1317 1390 1352 Deinde
1416 1327 1492 1351 mu-

289 1373 439 1407 tationes
465 1372 516 1406 ita
540 1374 621 1406 sunt
647 1374 877 1416 comparatae,
905 1375 944 1406 ut
971 1372 1124 1407 codicem
1150 1373 1277 1408 iterum
1304 1384 1375 1408 esse
1394 1383 1491 1408 accu-

289 1429 468 1473 ratiusque
510 1428 686 1462 conlatum
728 1427 865 1462 nullum
905 1428 994 1462 adsit
1038 1428 1217 1464 indicium.
1281 1430 1372 1464 Nam
1414 1440 1492 1474 per-

289 1484 390 1531 pauci
432 1484 486 1519 illi
525 1484 607 1526 loci,
641 1483 701 1519 ubi
736 1483 841 1518 editio
874 1483 983 1519 altera
1016 1485 1140 1520 relicta
1175 1481 1335 1521 editionis
1372 1486 1493 1531 prioris

289 1542 438 1578 lectione
453 1552 532 1577 cum
547 1542 664 1576 codice
682 1541 865 1583 consentit,
884 1541 1082 1577 nominibus
1100 1543 1246 1588 propriis
1261 1544 1492 1585 continentur,

290 1600 327 1633 in
344 1598 470 1643 quibus
498 1608 564 1632 non
590 1598 702 1632 solum
728 1597 856 1632 codicis
882 1598 1054 1643 scriptura
1079 1599 1203 1642 variat,
1229 1600 1280 1635 ita
1305 1601 1346 1634 ut
1370 1600 1426 1635 vel
1451 1601 1493 1635 ob

291 1668 365 1692 eam
386 1666 527 1692 causam
544 1656 587 1691 ad
606 1666 679 1691 rem
696 1655 784 1691 nihil
803 1655 943 1699 faciant,
962 1656 1020 1691 sed
1039 1667 1125 1700 quae
1143 1657 1214 1692 sive
1240 1657 1388 1693 conlatis
1416 1658 1492 1693 aliis

290 1709 375 1748 locis'
400 1712 575 1747 similibus
602 1713 675 1746 sive
701 1712 912 1747 accuratiore
944 1712 985 1746 de
1022 1713 1064 1746 iis
1095 1713 1259 1749 instituta
1291 1715 1492 1758 quaestione

289 1769 346 1806 vel
383 1769 512 1805 mutari
551 1768 607 1804 vel
645 1768 767 1814 corrigi
806 1779 912 1814 aeque
951 1768 1053 1805 facile
1084 1772 1271 1816 potuerunt
1305 1781 1344 1807 ac
1370 1771 1495 1807 menda

290 1828 359 1863 tria
396 1827 592 1868 manifesta,
624 1836 710 1870 quae
744 1826 779 1860 in
814 1826 964 1861 editione
1002 1827 1114 1870 priore
1147 1828 1387 1869 inveniuntur;
1413 1832 1494 1863 sunt

291 1894 370 1919 vero
396 1884 480 1917 loci:

130 1942 255 1966 Loeiodi-
500 1938 723 1976 Editionis
750 1939 778 1975 I.
1151 1942 1375 1979 Editionis
1401 1942 1449 1978 ΙΙ.

108 1973 182 1996 tionis
193 1973 216 1995 11
227 1979 279 1994 cum

117 2002 198 2024 codice
215 2007 271 2023 0⁰¹¹-
332 1998 442 2041 XLII,
457 1998 514 2040 28,
547 1999 570 2033 5
596 1998 634 2032 L.
661 1997 777 2032 Julius
804 1996 950 2032 Annalis
1029 1999 1067 2034 L.
1094 2000 1220 2036 Junius
1245 2000 1393 2035 Annalis

122 2030 262 2052 sentientes.

369 2070 385 2087 n
454 2054 511 2096 34,
544 2055 567 2089 5
593 2052 788 2089 Flaminius
1025 2048 1241 2085 Flamininus

308 2112 438 2153 XLIII,
459 2112 513 2153 15,
547 2111 569 2146 3
595 2110 691 2155 Serg.
1031 2108 1101 2144 Ser.

368 2184 384 2203 n
456 2169 509 2209 16,
544 2168 565 2201 2
592 2170 769 2211 equestem
1029 2166 1223 2209 equestrem

292 2224 514 2268 XL1111,44‚
546 2224 569 2259 5
595 2224 764 2269 profectos
797 2221 979 2258 Emathiae
1028 2220 1220 2267 praefectos
1246 2216 1429 2252 Emathiae

333 2283 438 2325 XLV,
453 2282 510 2324 24,
524 2281 568 2316 10
593 2292 670 2316 cum
697 2291 797 2315 nenio
830 2290 982 2316 arma...
1033 2289 1112 2314 cum
1154 2286 1254 2312 nemo
1297 2284 1485 2310 arma....

595 2339 725 2372 laturos
752 2338 807 2372 sit.
1094 2337 1192 2369 turus
1226 2332 1282 2367 sit.
1338 2332 1341 2334 ’

372 2412 387 2430 77
455 2396 565 2437 42,ss
594 2395 788 2430 Flaminius
1034 2391 1252 2426 Flamininus

368 2469 384 2487 η
453 2453 510 2496 44,
544 2453 566 2487 3
592 2452 802 2486 Flaminium
1031 2446 1268 2484 Flamininum

1527 2272 1578 2307 la-
