1721 2727
810 164 1043 199 -54-

145 269 253 290 ⁹⁰³¹³ffi⁰
265 267 314 290 edi·
441 271 527 306 Post
544 271 606 305 hos
625 270 904 305 doctissimorum
922 269 1074 303 virorum
1090 270 1224 306 labores
1239 282 1295 306 me
1312 281 1432 316 operae
1449 283 1530 317 pre-

184 297 276 318 tionum

141 324 315 380 {giffgfflitff
327 329 417 363 tium
443 339 511 363 non
536 328 711 363 facturum
728 326 882 370 plerique
908 325 1092 369 putabunt,
1107 326 1136 360 si
1163 327 1274 363 denuo
1298 329 1528 364 vetustissimi·

326 385 409 420 libri
427 385 665 431 quaestionem
678 383 873 418 instituam.
893 381 1012 428 Neque
1027 393 1106 418 vero
1123 393 1199 419 eam
1217 385 1360 430 adgredi
1373 385 1528 422 animum

327 443 551 485 induxissem,
565 442 631 477 nisi
648 441 846 476 subtiliores
857 442 898 475 de
912 440 1014 475 rebus
1025 441 1303 486 orthographicis
1311 444 1527 487 quaestiones

326 500 514 542 incohatae,
542 501 585 534 ad
611 508 696 543 quas
723 497 950 532 absolvendas
976 497 1198 533 coniunctam
1232 500 1266 533 et
1297 499 1466 546 Madvigii
1492 502 1527 536 et

322 556 456 591 Hertzii
472 566 621 600 -operam
646 565 715 590 non
741 554 900 589 sufficere
935 555 1190 600 intellegerem,
1229 557 1302 601 ipse
1333 558 1372 591 ut
1398 558 1529 593 codicis

323 612 512 657 scripturas
559 611 753 647 accuratius
798 610 1029 646 examinarem
1070 611 1301 658 flagitassent.
1363 612 1455 648 Nam
1495 614 1526 649 si

322 670 503 714 utriusque
541 669 702 704 editionis
741 668 972 713 praefationes
1015 669 1217 716 perlegeris,
1259 670 1415 706 haerebis
1446 682 1527 715 pro-

322 726 431 769 fecto,
469 727 538 761 utri
575 726 686 761 maior
717 726 875 762 habenda
906 727 952 761 sit
983 726 1079 761 fides.
1128 727 1310 763 Hertzium
1337 728 1366 762 si
1392 728 1524 772 audias,

322 783 508 819 conlationi
527 783 670 819 editioni
699 783 771 818 eius
797 783 1007 828 praemissae
1035 783 1083 818 ibi
1108 794 1238 828 quoque
1261 784 1347 829 fides
1366 783 1527 819 habenda

319 843 386 882 est,
415 840 471 875 ubi
496 840 540 875 ab
565 852 606 875 ea
623 851 712 885 quae
731 840 771 874 in
792 839 975 885 Madviyii
993 850 1096 875 usum
1117 841 1281 876 instituta
1300 843 1348 876 est
1363 841 1527 884 discedit;

320 898 348 931 si
361 898 541 942 Madvigio
563 898 694 939 credas,
713 896 999 932 Forchhammert
1023 897 1211 941 diliyentia
1230 898 1351 933 omnia
1372 898 1526 932 minima

320 954 584 988 accuratissime
604 955 786 997 persecuta
810 954 870 994 est,
895 952 989 987 nihil
1013 955 1053 987 ut
1076 953 1272 988 desiderari
1292 954 1402 997 possit
1426 954 1526 998 eique

320 1011 426 1045 etiam
451 1010 673 1045 dissentiente
698 1009 843 1044 Herteio
869 1010 947 1055 (aut
984 1009 1167 1055 Vahlenio)
1192 1010 1279 1055 fides
1302 1011 1374 1055 fere
1399 1011 1524 1055 ubique

320 1067 481 1101 habenda
506 1070 573 1109 est,·
598 1069 633 1101 et
658 1067 719 1109 qui
737 1066 1028 1100 Forchhammero
1045 1067 1185 1101 succesit
1210 1078 1423 1111 quamquam
1442 1079 1523 1111 per-

316 1135 435 1168 pauca
460 1126 490 1159 et
515 1123 667 1158 minima
693 1133 764 1157 uon
789 1122 1077 1158 animadvertisse
1107 1123 1254 1166 videtur,
1279 1124 1457 1159 interdum
1482 1125 1523 1159 iu

319 1181 579 1225 comparatione
609 1180 769 1224 superior
805 1182 862 1214 est.
888 1201 936 1205 -—
961 1179 1049 1215 Sane
1086 1182 1176 1225 quod
1214 1183 1256 1217 ad
1294 1191 1349 1217 eos
1388 1181 1521 1217 adtinet

317 1240 428 1280 locos,
467 1239 503 1273 in
528 1248 675 1282 quorum
700 1236 873 1281 scriptura
906 1237 1072 1272 tradenda
1098 1240 1132 1272 et
1158 1238 1319 1273 Hertzius
1354 1243 1388 1273 et
1422 1240 1521 1274 Mad·

317 1296 430 1341 vigius
465 1294 703 1335 consentiunt,
745 1294 948 1338 plerumque
991 1305 1059 1328 non
1097 1294 1285 1329 errabimus
1323 1295 1428 1330 fidem
1470 1295 1519 1329 eis

318 1352 532 1397 praebend03
572 1353 727 1386 attamen
752 1351 812 1384 ubi
838 1351 929 1384 inter
954 1361 990 1385 se
1016 1351 1199 1395 differunt,
1234 1351 1304 1385 fere
1329 1353 1521 1386 necessario

318 1409 360 1443 ad
387 1409 504 1452 ipsum
527 1407 725 1454 relegamur
751 1407 921 1449 codicem,
948 1407 978 1442 si
1005 1409 1045 1442 de
1070 1407 1222 1452 genuina
1246 1408 1318 1443 eius
1348 1408 1519 1452 scriptura

317 1466 445 1511 agitur.
465 1465 595 1499 Verum
614 1475 723 1508 neque
751 1465 780 1499 si
805 1464 989 1498 mittamus
1008 1465 1169 1499 molestas
1195 1465 1274 1499 illas
1293 1465 1519 1504 differentias,

316 1521 533 1566 acquiescere
548 1521 631 1556 licet
648 1521 701 1556 his
718 1520 940 1562 editionibus,
954 1531 1033 1555 cum
1052 1523 1197 1566 utraque
1215 1522 1369 1567 pluribus
1387 1521 1519 1556 laboret

316 1579 427 1624 iisque
453 1590 519 1614 non
547 1579 677 1624 exiguis
705 1578 907 1614 defectibus.
943 1579 1102 1614 Primum
1127 1578 1311 1614 litterae
1352 1579 1519 1614 minus-

317 1638 437 1671 culae
462 1636 578 1671 minus
597 1638 696 1681 aptae
721 1638 817 1676 sunt,
844 1636 969 1681 quibus
989 1636 1100 1671 varios
1118 1636 1250 1671 librarii
1268 1646 1398 1671 errores
1417 1636 1522 1671 aber-

315 1694 534 1739 rationesque
545 1693 722 1728 oculorum
736 1693 993 1739 intellegamus.
1009 1693 1110 1728 Certe
1121 1703 1330 1738 quamquam
1343 1703 1410 1729 non
1419 1694 1519 1729 licuit

315 1751 442 1786 litteris
458 1761 597 1797 prorsus
616 1751 786 1786 similibus
804 1751 954 1786 codicem
975 1751 1065 1796 typis
1083 1750 1282 1795 exprimere,
1302 1753 1420 1787 tamen
1439 1762 1519 1786 cum

314 1808 444 1843 maiore
471 1809 554 1843 artis
580 1808 723 1843 criticae
750 1808 866 1843 fructu
892 1808 1030 1843 litterae
1057 1808 1269 1843 maiusculae
1303 1808 1340 1842 in
1372 1810 1517 1843 adnota-

314 1864 407 1900 tione
435 1864 556 1900 critica
580 1864 793 1900 adhibendae
828 1865 937 1900 erant.
990 1863 1299 1916 Corrhectiones
1330 1864 1367 1900 in
1402 1865 1518 1900 codice

314 1921 432 1958 obvias
470 1921 586 1958 minus
613 1924 774 1957 accurate
800 1932 820 1957 a
845 1933 880 1957 se
907 1922 1123 1967 significatas
1144 1916 1230 1958 'esse
1255 1922 1418 1958 Hertzius
1442 1923 1521 1967 ipse

314 1978 464 2023 fatetur3
507 1978 709 2024 Madvigius
743 1981 877 2020 autem,
917 1980 976 2023 qui
1010 1979 1144 2013 litteras
1175 1980 1211 2013 in
1245 1979 1359 2014 codice
1391 1979 1517 2014 lineola

314 2036 514 2070 transversa
539 2035 709 2080 perfossas
735 2037 863 2080 puncto
888 2035 980 2070 infra
997 2035 1128 2071 lineam
1147 2036 1262 2080 posito
1280 2037 1390 2075 notat,
1409 2036 1518 2071 aliam

313 2094 417 2138 parat
441 2094 640 2128 molestiam
664 2084 820 2137 ponendo
846 2102 953 2139 supra
977 2092 1151 2128 litterulas
1172 2092 1188 2126 I
1212 2095 1341 2138 puncta
1359 2093 1410 2136 (i),
1429 2104 1516 2138 quae

312 2150 380 2185 nisi
419 2150 456 2185 in
495 2149 619 2186 codicis
662 2149 888 2185 litterulis
923 2150 1216 2195 expungendis
1249 2160 1422 2196 nusquam
1462 2150 1515 2185 in-

315 2208 521 2249 veniuntur3
564 2207 655 2243 unde
687 2208 746 2250 fit,
779 2209 818 2241 ut
850 2207 1001 2250 nescias,
1041 2207 1165 2252 quibus
1197 2208 1284 2243 locis
1311 2207 1353 2243 iis
1377 2208 1519 2253 punctis>

313 2265 478 2300 correctio
518 2264 742 2309 significetur.
793 2263 938 2299 Accedit
975 2267 1138 2300 neutrum
1174 2266 1342 2300 editorem
1376 2265 1517 2310 ubique,

312 2323 372 2356 sed
405 2322 486 2357 hinc
510 2321 609 2357 illinc
634 2322 771 2356 tantum
798 2320 992 2356 accuratius
1021 2321 1177 2356 indicare
1209 2322 1380 2357 linearum
1414 2322 1511 2364 fines,
