1721 2727
709 170 921 205 —9—

330 272 417 309 Cum
454 273 627 309 Altfridus
642 300 651 316 ‚
694 274 754 319 qui
798 274 981 320 episeopus
1030 270 1458 319 Mimigardefordensis'ne
1474 283 1581 307 ‘rmn-

214 329 302 376 (839
320 348 365 357 --
383 329 469 376 849)
511 330 666 376 precibus
705 331 953 368 monachorum
978 330 1287 367 vWertliiuensium
1329 341 1406 375 per·
1417 312 1590 392 ξὲῗὲἰιὲῖὲῗ

214 387 332 422 motus
364 397 403 422 s.¹
428 387 583 434 Liutgeri
619 388 744 424 vitam
766 387 985 433 conscripsit,
1020 387 1113 424 inter
1148 389 1307 423 auctores
1346 387 1408 422 ho·
1442 398 1569 427 anaspum.

215 444 334 484 mines·
351 444 406 481 illi
432 447 467 481 et
491 445 679 481 familiares
704 445 740 480 et
770 444 945 488 almum,
985 454 1148 491 quorum1
1163 443 1289 479 auditu
1312 447 1410 479 aetus

183 529 188 533 .
215 501 252 537 S.
279 501 438 547 Liutyeri
461 502 639 545 didicerit,
667 501 774 537 etiam
800 501 1117 538 Thiatbaldum
1141 511 1289 546 eumque
1314 503 1410 545 post

217 558 468 605 Hildigrimum
493 560 551 604 qui
583 568 671 594 anno
703 559 772 594 827
798 558 885 594 obiit
896 557 922 603 ¹)
955 560 1217 600 commemoret,
1256 558 1410 593 Thiat-

217 615 239 651 b
249 616 391 652 aldum
406 616 496 652 hunc
506 617 650 652 eundem
664 626 735 651 esse
749 618 853 661 atque
866 615 1134 660 subscriptorem
1148 616 1247 651 modo
1260 625 1410 651 comme-

216 676 391 710 moratum
426 673 609 709 verisimile
642 675 704 709 est.
754 672 846 709 Nam
879 683 959 709 cum
982 672 1063 708 inde
1089 672 1132 708 ab
1158 682 1246 709 anno
1273 673 1342 708 796
1367 672 1410 708 ad

215 731 288 767 806
298 731 497 776 ,quindecim
515 730 719 776 diplomata.
738 741 824 776 quae¹
843 730 886 766 ad
904 729 1104 767 donationes
1122 730 1295 776 pertinent
1311 730 1412 765 Liut-

216 797 296 832 gero
310 788 431 833 factas,
441 788 532 823 idem
552 787 796 823 Thiadbaldus
803 787 949 822 humilis
956 787 1134 831 presbyter
1146 790 1288 832 royatus
1303 787 1412 831 scrip-

139 850 142 852 ·
214 844 301 879 serit
325 846 356 880 et
381 844 621 889 subscripserit
657 854 766 891 neque
799 844 842 880 iis
866 843 1080 895 temporibus
1108 844 1264 881 'nomines
1293 844 1412 880 admo·

220 902 303 938 dum
328 901 470 938 iuvenes
495 903 538 938 ad
567 902 825 947 presbyteratus
861 901 1016 938 ordinem
1042 903 1320 944 admitterentur,
1345 912 1413 937 non

220 959 371 994 multum
409 958 611 1001 errabimus,
637 959 679 1007 'si
718 958 957 1001 statuerimus,
991 968 1081 994 anno
1116 959 1184 994 796
1224 958 1414 994 Thiadbal-

221 1016 305 1052 dum
329 1015 466 1051 circiter
491 1015 638 1060 triginta
663 1025 832 1052 annorum
857 1015 975 1051 fuisse.
1001 1014 1130 1058 Quodsi
1147 1025 1233 1060 puer
1249 1015 1415 1051 tredecim

220 1073 276 1108 vel
313 1073 588 1117 quattuordecim
619 1083 787 1109 annorum
826 1083 853 1108 s.
893 1073 1048 1119 Liutgeri
1085 1072 1324 1108 familiaritate
1362 1073 1414 1107 uti

221 1130 335 1175 coepit
353 1132 517 1175 (namque
535 1129 627 1165 inter
652 1139 708 1165 eos
734 1132 819 1173 erat,
845 1131 902 1176 qui
920 1132 1009 1166 teste
1027 1130 1179 1166 Altfrido
1197 1130 1240 1165 ab
1256 1129 1415 1174 infantia

222 1187 327 1222 illum
365 1190 533 1222 noverant
570 1190 673 1231 atque
702 1188 746 1223 ab
777 1198 814 1222 eo
845 1188 975 1222 eruditi
1005 1188 1183 1234 fueram),
1217 1187 1260 1222 ad
1286 1197 1415 1223 annum

223 1243 291 1281 779
318 1243 373 1279 vel
407 1244 477 1279 780
507 1244 723 1286 devenimus,
762 1254 828 1290 quo
859 1245 932 1289 ipso
964 1247 1118 1289 tempore
1156 1243 1221 1279 sub
1253 1242 1415 1279 Alberico

222 1301 380 1344 episcopo
406 1300 653 1336 Ultraiectensi
677 1300 891 1347 Liutgerum‚
917 1302 1022 1336 donec
1048 1311 1137 1335 anno
1163 1301 1232 1335 782
1250 1300 1416 1336 rebellam

222 1355 318 1392 tibus
344 1357 429 1392 duce
456 1357 668 1393 Widukindo
693 1357 881 1393 saxonibus
916 1358 961 1393 ad
992 1357 1196 1403 fugiendum
1227 1357 1417 1402 cogeretur,

222 1412 381 1459 magistri
406 1424 548 1451 munere
573 1415 733 1451 functum
765 1424 836 1451 esse
867 1413 958 1450 iufra
990 1413 1292 1450 demonstrabitur.
1343 1412 1419 1457 Qua

223 1470 396 1506 sententia
422 1474 562 1516 accepta
588 1472 661 1508 veri
687 1482 755 1507 non
780 1472 821 1506 fit
847 1471 1015 1508 dissimile
1042 1471 1292 1508 Thiatbaldum
1317 1470 1419 1506 illum

224 1527 327 1562 fuisse
352 1537 419 1563 non
445 1527 558 1563 solum
590 1538 617 1563 s.
643 1528 801 1574 Liutgeri
836 1529 912 1574 (qui
942 1530 1101 1564 mortuus
1134 1530 1186 1563 est
1218 1537 1307 1563 anno
1332 1527 1418 1573 809)

224 1584 388 1619 comitem
412 1588 628 1631 perpetuum,
654 1595 774 1621 verum
800 1585 909 1621 etiam
926 1585 1017 1630 apud
1036 1584 1246 1627 eanfridum,
1272 1595 1299 1619 s.
1317 1584 1420 1619 Liut-

223 1640 297 1685 geri
328 1643 487 1686 nepotem
518 1642 731 1687 eundemque
763 1643 906 1678 tertium
937 1642 1137 1678 monasterii
1163 1640 1419 1678 Werthinensis

224 1694 387 1732 abbatem
413 1696 633 1743 (827-839)
645 1698 687 1744 ⁹),
725 1699 761 1732 et
785 1697 876 1742 apud
902 1708 979 1732 eum
1005 1696 1064 1742 qui
1090 1696 1121 1732 ei
1146 1697 1311 1732 successit
1340 1697 1421 1733 Alt-

225 1753 356 1788 fridum
383 1753 615 1800 (839-849),
642 1765 785 1801 magnae
811 1754 917 1791 fuisse
941 1754 1171 1790 auctoritatis.
1208 1755 1257 1790 Eo
1282 1754 1420 1790 tantum

226 1812 396 1854 tempore,
436 1822 503 1856 quo
534 1812 783 1858 Hildigrimus‚
825 1823 852 1847 s.
877 1811 1032 1857 Liutgeri
1064 1812 1187 1854 frater,
1213 1812 1420 1846 monasterio

227 1869 385 1911 praeerat
412 1867 632 1916 (soe—827)
644 1869 695 1914 ³),
732 1879 812 1905 cum
838 1869 975 1905 nullum
1000 1868 1091 1904 adsit
1115 1868 1267 1914 diploma
1291 1867 1421 1903 Thiad-

227 1924 320 1959 baldi
345 1925 484 1959 nomine
509 1926 754 1971 subscriptum,
781 1936 860 1961 eum
884 1926 923 1961 in
946 1926 1153 1961 monasterio
1178 1935 1247 1959 non
1266 1934 1416 1960 commo-

226 1993 236 2017 i
246 1983 343 2017 atum
354 1981 518 2017 esselicet
531 1982 877 2028 suspicari.Mortuus
888 1983 1005 2019 autem
1014 1992 1088 2018 esse
1097 1982 1234 2017 videtur
1244 1980 1422 2028 octoginta

227 2039 298 2074 fere
317 2048 422 2073 annos
441 2040 543 2074 natus
569 2050 659 2075 anno
685 2040 741 2075 vel
767 2040 837 2075 846
855 2039 927 2085 (vel
944 2039 1028 2084 847)
1046 2039 1103 2074 vel
1114 2038 1218 2083 paulo
1236 2042 1323 2084 post,
1343 2049 1422 2073 cum

228 2107 354 2133 nomen
387 2097 460 2133 eius
491 2098 526 2132 in
562 2097 658 2133 nullo
684 2096 830 2143 proximi
861 2095 1026 2142 temporis
1061 2095 1250 2142 diplomate
1274 2095 1422 2141 legatur.

227 2153 263 2189 Is
288 2153 592 2191 Thiadb'aldus
624 2164 727 2200 quem
758 2164 778 2190 a
821 2164 849 2189 s.
881 2154 1045 2199 Liutgero
1077 2152 1121 2187 ab
1151 2152 1310 2197 infautia
1342 2163 1423 2187 eru-

346 2291 367 2325 ¹)
388 2288 432 2318 Cf.
454 2288 560 2318 Crecel.
582 2288 638 2318 111.
659 2296 687 2325 p.
710 2290 755 2318 17.

345 2337 368 2373 ²)
390 2335 437 2367 Cf.
457 2335 565 2365 Creeel.
586 2335 642 2366 111.
663 2344 690 2373 p.
712 2338 757 2366 24.

346 2384 368 2421 3)
391 2385 436 2416 Cf.
457 2383 565 2414 Crecel.
587 2384 643 2413 111.
665 2392 691 2421 p.
715 2386 759 2415 17.
