1721 2727
702 138 958 173 —.123—

237 241 413 280 sancitae,
457 240 516 275 sed
550 240 764 285 probabilius
794 242 880 275 mihi
907 241 1045 275 videtur
1071 251 1161 283 esse,
1199 242 1239 276 ut
1272 242 1429 286 pluribus

236 298 313 333 aliis
338 297 436 341 locis,
476 297 526 333 ita
564 298 619 335 hic
656 309 786 344 quoque
824 298 880 345 agi
919 298 959 333 de
996 297 1189 342 scripturae
1215 299 1426 343 compendio.

237 352 395 389 'Omissae
435 357 533 391 erant
572 356 607 390 in
645 355 828 399 archetypo
872 356 942 390 tres
983 355 1121 390 litterae
1132 353 1156 396 ¹)
1198 354 1425 390 SANCIendo.

236 410 412 455 Reponam
438 412 545 458 igitur
569 412 605 447 in
631 411 696 447 hoc
720 421 839 446 versu:
866 421 949 455 quos
964 411 1081 446 adesse
1096 410 1225 456 foederi
1241 410 1430 446 sanciendo

236 479 314 503 cum
343 468 472 504 Gentio
496 469 668 505 societatis
691 468 821 503 volebat
846 479 916 503 rex.

350 629 391 664 In
418 629 546 665 codicis
570 629 594 664 f.
624 629 707 664 1371
732 630 754 664 1.
780 629 804 664 4
828 639 898 674 sqq.
926 628 1079 671 XLIIII,
1113 628 1175 671 36,
1208 628 1231 663 2
1269 629 1350 664 haec
1375 628 1430 662 in·
1443 635 1615 661 nun-³63.

240 685 425 722 veniuntur
450 687 580 731 scripta

809 733 1140 790 LASSITUDJOET

351 799 1142 836 SITISIAMSENTIEBATURETMERIDIE

352 855 1250 893 AESTATEMAGISADCESSERUNTTUMMOX

354 911 1360 949 ADPAREBARETSTATUITSICADFEOTOSRECE-

351 969 1203 1013 TIADQUEINTEGROHOSTINONOBICERE

353 1027 498 1063 Conlato
536 1027 601 1063 hoc
626 1027 752 1063 codicis
785 1028 858 1063 loco
884 1039 963 1063 cum
996 1028 1218 1063 adnotatione
1252 1027 1374 1063 critica
1399 1029 1434 1062 et

238 1084 424 1119 Hertziana
449 1086 484 1119 et
509 1085 736 1130 Madvigiana
760 1076 829 1120 iam
857 1085 1000 1129 adparet
1033 1087 1194 1119 neutrum
1221 1084 1430 1129 scripturam

239 1141 366 1176 codicis
391 1136 735 1176 ADPAREBARET
762 1143 922 1176 accurate
953 1142 1188 1186 descripsisse,
1222 1150 1431 1185 quamquam

240 1207 279 1231 ea
303 1198 377 1243 ipsa
403 1208 484 1233 voce
517 1198 722 1233 emendandi
754 1198 855 1233 huius
887 1199 954 1233 loci
997 1198 1088 1233 viam
1123 1199 1308 1233 monstrari
1337 1198 1432 1233 vide-

238 1255 364 1290 bimus.
399 1256 585 1290 Innumera
610 1255 681 1289 fere
708 1257 788 1290 sunt
813 1265 901 1299 quae
927 1255 970 1290 ad
996 1255 1090 1289 hunc
1107 1256 1220 1290 locum
1239 1256 1430 1289 sanandum

240 1313 474 1357 excogitarunt
512 1312 576 1347 viri
615 1311 727 1356 docti3
769 1322 890 1347 verum
931 1321 1010 1347 cum
1047 1312 1253 1347 medicinam
1292 1321 1435 1356 prorsus

241 1368 308 1403 alia
333 1370 466 1404 ratione
492 1370 723 1414 quaerendam
749 1379 823 1404 esse
848 1379 926 1404 mox
953 1370 1190 1414 adpariturum
1224 1370 1432 1414 putaverim.

240 1425 354 1461 missis
372 1426 514 1471 reliquis
531 1425 701 1472 Madvigii
721 1428 755 1461 et
772 1426 907 1461 Hertzii
923 1427 1063 1462 tantum
1081 1427 1245 1462 lectiones
1263 1425 1433 1462 adferam.

240 1483 439 1528 Madvigius
474 1484 523 1519 ita
552 1484 653 1528 legit:
692 1483 878 1518 Lassitudo
907 1486 952 1518 et'
969 1484 1049 1518 sitis
1072 1484 1146 1517 iam
1170 1483 1382 1518 sentiebatur
1405 1486 1435 1517 et

239 1541 384 1576 meridie
420 1543 553 1576 aestum
591 1540 704 1585 mayis
742 1540 974 1576 adcensurum
1010 1542 1195 1585 utrumque
1231 1540 1435 1585 adparebat.

242 1599 375 1635 Statuit
399 1599 449 1633 sie
473 1598 624 1643 adfectos
647 1598 774 1634 receuti
799 1598 911 1643 adque
935 1598 1068 1644 iuteqro
1091 1597 1179 1633 hosti
1203 1601 1278 1633 nou*
1298 1597 1433 1633 obicere.

240 1656 404 1690 Hertzius
429 1657 588 1701 proponit
615 1656 839 1700 scripturam:
878 1655 1048 1690 lassitudo
1085 1658 1116 1690 et
1151 1655 1230 1690 sitis
1262 1655 1335 1689 iam
1360 1665 1436 1689 seu-

241 1711 401 1754 tiebatur,
439 1715 469 1747 et
500 1712 678 1748 meridiem
710 1715 842 1747 aestum
875 1712 989 1757 mayis
1012 1712 1244 1747 adcensurum
1268 1722 1349 1746 mooe
1373 1712 1437 1746 ad-

239 1769 396 1814 parebat,
422 1770 545 1804 statuit
570 1770 620 1804 sie
645 1769 795 1814 adfectos
818 1770 945 1805 recenti
970 1771 1071 1814 atque
1095 1769 1228 1814 inteyro
1252 1768 1340 1803 hosti
1364 1779 1436 1803 uon

242 1825 447 1869 obieere‚·...
497 1825 722 1861 Consentiunt
759 1828 868 1872 igitur
902 1828 937 1861 et
968 1827 1005 1861 in
1036 1826 1149 1871 primo
1184 1827 1218 1860 et
1250 1827 1285 1860 in
1310 1825 1438 1860 ultimo

244 1882 436 1925 enuntiato,
462 1892 563 1927 porro
588 1884 624 1918 in
650 1883 755 1918 medii
774 1883 945 1918 enuntiati
958 1882 1137 1919 >nonnullis
1155 1882 1296 1918 vocibus
1304 1892 1313 1926 ς
1339 1883 1434 1917 uter-

243 1949 308 1984 que
334 1940 426 1974 enim
452 1940 539 1985 legit
576 1942 709 1975 aestum
747 1950 807 1986 pro
840 1939 1065 1981 AESTATE‚
1107 1939 1339 1974 adcensurum
1376 1949 1440 1984 pro

242 1996 594 2039 ADOESSERUNT,
632 1997 823 2042 adparebat
858 2008 919 2043 pro
949 1996 1305 2040 ADPAREBARET,
1348 2006 1436 2041 quae

244 2055 370 2091 codicis
395 2055 568 2099 scriptura
593 2058 778 2100 utrumque
804 2056 1022 2101 praeteribat.
1056 2054 1145 2099 Quid
1172 2065 1252 2091 vero
1278 2054 1342 2090 sibi
1362 2054 1440 2089 vult

244 2111 329 2147 haec
360 2111 472 2147 forma
502 2112 657 2148 insulsa?
706 2113 879 2158 Perquam
906 2112 1007 2148 facile
1034 2113 1120 2147 mihi
1146 2112 1282 2148 videtur
1308 2111 1437 2146 diiudi-

361 2255 382 2290 ¹)
403 2252 447 2282 Cf.
478 2253 606 2290 exempla
637 2253 766 2283 eiusdem
798 2253 914 2292 generis
932 2253 1144 2283 ELEGANDO
1177 2262 1229 2291 pro
1261 2238 1439 2286 ELEGw‘fo,

245 2298 466 2329 DEFENDUM
485 2308 537 2336 pro
558 2299 832 2335 DEFENDMUM,
860 2299 937 2337 quod
956 2299 987 2328 in
1008 2300 1165 2337 archetypo
1186 2300 1329 2337 scriptum
1350 2299 1444 2328 fuisse

247 2354 335 2384 supra
355 2356 382 2385 p.
404 2350 441 2376 65
463 2349 494 2377 et
516 2349 552 2376 76
572 2347 807 2377 memoravimus.
