1721 2727
708 159 967 195 -109-

235 264 288 297 est
305 262 342 296 111
361 262 654 297 FREMEBANT.
684 262 956 299 Commendatur
974 265 1090 298 autem
1109 263 1306 299 coniectura
1322 263 1429 299 SEN-

236 317 442 355 TIEBANT
451 320 485 355 et
497 319 728 355 concinnitate
742 319 905 356 orationis
919 318 1075 366 (Lentuli
1088 320 1350 355 circumeuntes.
1366 348 1374 355 .
1391 347 1398 355 .
1415 347 1421 354 .

234 376 415 420 fremitum
440 376 648 411 sentiebant.
664 403 672 411 .
687 376 718 421 .)
745 378 782 411 et
806 377 975 412 facilitate
1001 380 1166 421 quadam,
1186 388 1264 412 cum
1287 378 1430 421 probata

236 443 276 469 ea
317 432 514 470 coniectura
555 443 624 469 non
666 434 777 469 solum
816 433 998 479 fremitum
1040 433 1149 470 teneri
1190 434 1322 479 possit,
1372 434 1429 468 sed

236 491 341 526 etiam
366 492 504 527 litterae
538 492 631 526 ΕΝΤ
665 491 748 527 alibi
784 502 918 536 quoque
945 502 1144 537 suppressae
1170 492 1249 527 huic
1276 492 1351 527 voci
1375 491 1429 526 in-

235 549 396 583 serendae
421 548 573 583 faveant.
624 548 753 593 Legam
779 547 887 592 igitur
922 558 1002 583 cum
1027 548 1201 584 Vahlen0:
1240 547 1429 583 Lentuli

233 604 647 642 circumeuntes....
678 604 905 650 fremitum
937 604 983 640 in
1015 605 1294 641 contionibus
1331 615 1428 640 sen-

233 661 442 698 tiebant..

346 840 463 883 XLII,
499 839 562 883 43,
596 840 628 876 9.
680 839 853 876 Orationis
886 839 988 875 series
1027 840 1215 876 secundum
1245 840 1427 876 Hertzium

232 898 317 932 haec
334 898 405 932 est:
434 897 592 932 Comitiis
609 897 785 940 praetoris
801 897 1006 932 Boeotorum
1032 897 1120 932 victa
1139 908 1229 941 pars
1254 897 1428 932 iniuriam

224 963 433 998 persequens
473 955 588 988 coacta
629 953 853 988 multitudine
891 954 1061 988 decretum
1104 953 1258 989 Thebis
1301 952 1404 1000 [fecit]
1418 979 1426 995 ,

231 1022 279 1046 ne
309 1010 610 1054 Boeotarchae
635 1010 775 1046 urbibus
799 1011 1042 1055 reciperentur.
1092 1011 1201 1047 Locus
1236 1010 1358 1046 dubius
1391 1009 1427 1044 111

230 1067 354 1102 codicis
381 1067 403 1102 f.
431 1068 493 1102 56v
521 1068 656 1102 10—11
684 1067 734 1102 ita
759 1068 904 1114 legitur:
944 1066 1425 1103 DECRETUMTHEBISSI-

228 1122 711 1169 NEBELLOQETARCE...
760 1123 889 1159 Mirum
923 1133 1003 1159 sane
1038 1124 1091 1159 est
1115 1124 1225 1169 primo
1253 1123 1424 1158 editorum

228 1181 400 1217 neminem
417 1180 564 1216 haesisse
589 1180 624 1215 in
650 1179 829 1224 THEBIS,
855 1191 1063 1226 quamquam
1090 1181 1125 1216 et
1149 1181 1325 1226 postrema
1349 1180 1422 1215 eius

228 1239 338 1272 lineae
374 1237 479 1272 verba
503 1238 539 1271 in
563 1247 684 1271 rasura
710 1239 849 1272 exarata
873 1239 952 1272 sunt
978 1238 1012 1272 et
1052 1239 1087 1273 in
1124 1238 1278 1282 proximo
1322 1247 1423 1272 versu

227 1295 353 1329 iterum
379 1294 521 1340 legitur:
563 1293 727 1329 Thebas
759 1296 967 1329 ...revocati
989 1293 1203 1329 decretum
1226 1293 1421 1338 faciunt;

228 1351 286 1386 sed
307 1352 343 1386 ut
360 1352 501 1386 mittam
519 1350 774 1392 difficultatem,
801 1361 904 1395 quam
931 1352 1050 1386 eadem
1077 1352 1183 1386 verba
1207 1350 1424 1385 decretum

225 1408 407 1452 faciunt
439 1407 587 1452 repetita
618 1407 687 1442 fere
720 1407 815 1442 1111110
847 1407 1048 1451 interposito
1074 1408 1261 1443 intervallo
1288 1408 1424 1451 parant,

226 1464 309 1509 quid
344 1464 409 1500 sibi
442 1464 528 1499 velit
554 1464 620 1499 1001
645 1464 705 1499 ubi
731 1464 905 1499 decretum
930 1464 1065 1500 factum
1089 1465 1134 1499 sit
1160 1458 1303 1506 nom'en,
1344 1474 1422 1498 cum

225 1522 378 1558 eiusdem
403 1532 520 1557 versus
546 1521 646 1558 initio
673 1522 892 1557 enuntiatum
917 1521 1070 1568 legatur:
1108 1520 1267 1558 Thebis
1291 1532 1422 1566 magna

224 1578 391 1614 contentio
432 1580 508 1612 orta
549 1581 623 1612 erat
663 1588 704 1612 ex
745 1578 816 1613 alio
857 1579 1044 1614 certamine
1095 1599 1138 1603 -
1190 1589 1257 1614 non
1303 1579 1420 1620 vide0;

224 1634 345 1668 deinde
386 1634 476 1668 unde
517 1633 693 1678 petierunt
735 1633 883 1667 editores
924 1633 1013 1668 illud
1052 1633 1195 1677 fecit?
1252 1634 1421 1678 Equidem

225 1689 425 1735 negaverim
457 1690 490 1724 in
523 1689 708 1734 archetypo
734 1688 840 1723 fuisse
866 1688 1286 1736 DECRETUMTHEBIS
1318 1692 1423 1735 atque

225 1748 361 1783 conlato
387 1748 454 1782 alio
481 1747 554 1782 1000
589 1746 626 1791 (f.
657 1746 739 1782 187*
770 1746 793 1781 1.
821 1746 859 1787 3;
891 1746 995 1789 XLV,
1034 1746 1097 1790 39,
1143 1748 1216 1792 15),
1260 1748 1325 1784 ubi-
1359 1758 1422 1793 pro

224 1803 441 1838 DECRETA
483 1805 517 1837 in
559 1803 675 1838 codice
720 1803 848 1847 legitur
892 1802 1142 1845 DECREUI'P,
1192 1804 1264 1839 sine
1305 1805 1420 1846 dubio,

224 1860 304 1906 quia
341 1860 781 1906 librariuscompendium
818 1869 885 1895 non
919 1860 955 1895 in
987 1860 1080 1896 vocis
1123 1859 1316 1897 DECRET·
1358 1862 1417 1907 (=

224 1917 450 1962 DECRETA)
487 1917 573 1962 fine,
600 1953 603 1958 ,
624 1918 681 1953 sed
722 1919 757 1953 in
798 1918 911 1953 medio
954 1918 1118 1954 vocabulo
1159 1918 1279 1953 adesse
1320 1922 1422 1954 ratus

225 1974 476 2020 (DECRE¹⁴¹T)
527 1974 664 2019 scripsit
712 1973 967 2018 DECREUIT,
1016 1975 1199 2020 archetypo
1242 1975 1416 2012 vindicare

222 2032 341 2067 malim
379 2032 584 2076 scripturam
626 2031 1124 2067 DECRETNEBOETARCE.
1176 2032 1271 2075 Quae
1308 2033 1416 2077 scrip-

222 2091 301 2125 tura
337 2089 464 2124 litteris
498 2089 549 2125 UI
587 2089 645 2134 (=
672 2087 891 2135 DECREuiT)
910 2089 1075 2134 explenda
1108 2100 1187 2125 cum
1221 2099 1242 2125 a
1273 2088 1419 2125 librario

221 2204 326 2240 supra
339 2192 467 2239 scripta
480 2191 616 2238 syllaba
630 2193 787 2230 addenda
801 2194 936 2229 mutata
950 2195 1039 2228 esset
1053 2194 1087 2228 in
1097 2147 1340 2229 DECRFIiIiiOE
1350 2220 1357 2228 .
1368 2221 1375 2228 .
1387 2222 1395 2229 .

220 2254 341 2297 postea
366 2253 401 2287 in
426 2252 559 2286 textum
589 2251 722 2287 intrusa
752 2252 814 2287 illa
838 2251 980 2297 syllaba,
1011 2261 1111 2296 porro
1138 2251 1253 2287 littera
1278 2251 1310 2287 U
1335 2262 1414 2288 cum

220 2309 249 2343 B
283 2310 437 2350 mutata,
469 2307 504 2341 id
538 2307 629 2351 quod
653 2308 839 2342 sexcenties
864 2308 1050 2349 invenitur,
1083 2308 1163 2344 inde
1196 2308 1329 2342 factum
1362 2310 1419 2343 est

220 2363 562 2401 DECRETEBINE.
580 2392 586 2400 .
603 2390 610 2399 .
627 2378 657 2406 .;
690 2363 812 2400 deinde
836 2363 954 2399 addita
979 2374 1064 2409 quae
1091 2363 1247 2400 addenda
1274 2365 1414 2402 videba-

1445 851 1516 877 XLH,
1533 852 1567 877 43,
1586 853 1608 874 9.
