1721 2727
736 197 966 232 -16-

250 300 418 344 temporis
452 302 557 345 atque
589 300 647 344 iis,
679 301 716 335 in
747 301 873 346 quibus
897 310 1080 337 versamur
1104 302 1189 337 locis
1215 303 1371 339 doctores
1396 304 1453 338 vel

250 359 405 393 rectores
431 356 595 393 ecclesiae
620 367 730 403 neque
755 358 875 393 sedem
900 358 1130 403 episcopalem
1147 359 1344 396 Dorostadii
1370 369 1452 396 con-

250 415 403 450 locatam
435 414 543 450 fuisse
575 414 745 457 sciamus,
783 414 875 450 nihil
905 415 1077 460 reliquum
1111 426 1185 451 esse
1210 417 1359 461 videtur,
1387 418 1455 453 nisi

251 472 291 506 ut
316 471 606 517 subscriptionem
630 471 731 507 illam
756 474 818 507 aut
843 471 998 517 spuriam
1024 475 1086 508 aut
1111 472 1181 508 alio
1207 474 1309 510 modo'
1341 475 1451 521 expli-

252 529 398 565 candam
424 539 495 564 esse
521 531 730 565 statuamus,
765 529 950 566 Facillime,
974 535 1091 566 autem
1116 541 1157 566 ea
1173 531 1241 566 erit
1258 532 1452 577 explicatio,

251 597 318 631 qua
343 586 544 632 episcopum
570 586 672 622 illum
697 586 739 622 de
762 586 931 622 Dorostat
955 590 1126 623 rectorem
1151 588 1317 625 ecclesiae
1343 590 1454 626 Doro-

251 643 436 678 stadiensis
460 643 720 687 intellegamus.
754 643 864 688 Quam
891 644 922 678 si
948 645 1193 689 acceperimus,
1219 655 1329 690 neque
1354 657 1453 692 coge-

251 710 339 742 mur,
366 702 405 734 ut
432 699 631 736 Dorostadii
656 701 773 736 sedem
799 701 1016 736 conlocatam
1034 700 1141 736 fuisse
1171 702 1351 737 credamus
1381 704 1454 748 epi-

251 756 436 800 scopalem,
463 767 571 802 neque
596 757 671 792 ulla
694 758 903 793 necessitate
920 758 963 793 ad
990 757 1196 793 laterculum
1220 758 1457 802 episcoporum

253 811 536 848 Traiectiuorum
561 813 756 856 reiciemur,
783 823 863 849 cum
889 813 924 849 id
956 814 1095 859 generis
1122 814 1278 850 doctores
1304 816 1359 851 vel
1382 825 1455 851 rec-

251 872 342 905 tores
368 870 534 905 ecclesiae
559 870 688 915 passim
721 870 943 906 adnumerari
974 870 1140 915 episcopis
1173 873 1210 906 et
1246 871 1318 907 iam
1353 882 1457 917 supra

251 928 530 963 demonstratum
556 928 602 963 sit
627 938 653 963 s.
679 926 837 973 Gregorii
868 927 1004 964 abbatis
1036 929 1192 974 exemplo
1230 931 1266 963 et
1298 929 1457 965 luculen-

252 983 387 1019 tissime
411 983 574 1028 adpareat
599 984 637 1019 in
661 984 813 1026 Albrico,
840 985 898 1029 qui
924 993 992 1019 non
1018 985 1135 1029 paucis
1153 986 1253 1020 annis
1270 986 1456 1030 antequam

253 1050 279 1075 s.
323 1040 491 1087 Gregorio
533 1041 568 1075 in
609 1042 759 1087 regenda
800 1040 944 1076 ecclesia
984 1040 1216 1076 Ultraiectina
1256 1034 1455 1078 succederet

257 1097 362 1142 (anno
389 1097 511 1140 775?)‚
539 1097 705 1143 diploma,
732 1108 797 1143 quo
823 1098 1033 1133 monasterio
1059 1097 1354 1133 Laurisheimensi
1371 1098 1459 1135 villa

253 1154 290 1190 in
314 1154 534 1201 Hagenheim
559 1154 690 1190 tradita
715 1155 786 1197 est,
827 1155 1048 1199 subscripsit:
1080 1154 1153 1200 Eyo
1182 1154 1348 1190 Albricus
1383 1155 1457 1200 epi-

253 1221 375 1256 scopus
391 1222 435 1246 ss.
443 1211 477 1255 ¹).
506 1211 605 1247 Unde
631 1213 742 1246 elucet
755 1211 936 1247 Albricum
961 1221 1095 1256 quoque
1120 1211 1192 1247 iam
1218 1213 1301 1247 tunc
1326 1213 1459 1257 tempo-

253 1268 302 1304 ris
328 1268 480 1314 regionis
505 1268 655 1304 alicuius
682 1269 822 1313 eiusque
849 1268 1012 1304 ecclesiae
1037 1269 1209 1303 rectorem
1227 1269 1457 1304 constitutum

255 1325 406 1371 episcopi
431 1336 557 1361 nomen
582 1326 648 1362 sibi
674 1335 864 1371 arrogasse.
900 1326 1000 1361 Idem
1026 1326 1062 1360 in
1087 1324 1341 1361 Theatbertum
1374 1335 1457 1370 quo-

255 1393 319 1427 que
358 1383 524 1427 quadrare
567 1383 608 1417 ut
648 1382 850 1426 probemus,
889 1382 926 1417 id
958 1392 1067 1417 unum
1105 1384 1144 1416 ut
1185 1382 1458 1417 demonstremus

256 1439 357 1474 nobis
401 1438 565 1481 restabit,
617 1438 724 1474 fuisse
767 1437 968 1474 Dorostadii
1006 1438 1206 1482 ecclesiam,
1244 1438 1342 1473 cuius
1378 1448 1459 1473 cura

256 1496 428 1531 sacerdoti
454 1496 690 1531 mandaretur

85 1561 235 1603 Doeeclqsia
370 1552 519 1589 Etiamsi
553 1551 792 1595 concedimus,
832 1552 1112 1587 commenticiam
1139 1562 1208 1586 esse
1239 1562 1325 1596 quae
1349 1551 1461 1586 fertur

106 1590 220 1641 {22ss2ss
254 1622 279 1646 s.
319 1610 515 1646 Suithberti
554 1612 681 1653 vitam,
723 1611 773 1645 ita
811 1612 850 1645 ut
890 1620 1054 1654 negemus
1087 1610 1242 1645 docuisse
1284 1620 1362 1644 eum
1399 1620 1461 1654 per

254 1667 434 1703 biennium
475 1667 687 1708 Dorostadii,
720 1666 757 1700 id
790 1666 908 1701 tamen
945 1675 1014 1700 non
1051 1667 1167 1710 inepte
1205 1666 1285 1700 inde
1317 1667 1459 1701 conclu-

255 1724 365 1766 ditur,
405 1724 511 1758 fuisse
546 1723 791 1758 Dorostadium
829 1722 920 1757 inter
952 1732 992 1757 ea
1021 1722 1115 1764 loca,
1148 1722 1186 1757 in
1211 1722 1334 1766 quibus
1360 1721 1458 1757 Chri-

254 1781 387 1816 stianae
414 1780 590 1816 doctrinae
614 1780 764 1824 vestigia
790 1780 861 1815 iam
887 1779 1143 1824 antiquissimis
1175 1779 1344 1824 adparent
1368 1781 1458 1814 tem-

254 1838 405 1884 poribus.
457 1838 524 1873 Sed
557 1838 621 1873 hoc
653 1836 760 1872 misso
794 1837 990 1872 adferamus
1023 1837 1159 1881 potius,
1196 1837 1341 1881 quaein
1368 1837 1458 1871 vitae

254 1906 281 1930 s.
308 1894 478 1931 Bonifatii
504 1905 532 1930 c.
562 1895 605 1929 71
638 1893 806 1939 legimus:
851 1892 897 1934 (S.
926 1893 1135 1937 Bonifatius)
1172 1902 1339 1936 prospero
1379 1903 1459 1926 veu-

253 1955 366 1988 tarum
394 1951 500 1995 flatu,
534 1950 693 1995 pervenit
726 1950 774 1985 ad
798 1949 954 1992 Dora-tel,
987 1949 1100 1993 ibique
1124 1949 1349 1993 aliquamdiu
1373 1959 1459 1984 com-

253 2012 425 2046 moratus.
442 2038 449 2046 .
466 2035 473 2042 .
495 2008 564 2045 Sed
580 2009 749 2052 quoniam
763 2008 867 2053 ‚aravi
884 2007 1066 2052 iuyrueute
1078 2017 1305 2052 payanorum
1321 2006 1460 2049 impetu,

254 2068 390 2103 hostilis
415 2070 491 2102 orla
516 2066 686 2102 dissensio
709 2066 802 2101 iuter
819 2065 976 2101 karlum.
992 2094 1000 2101 .
1016 2093 1024 2101 .
1045 2066 1076 2099 et
1100 2063 1326 2100 Raedbodum
1349 2073 1460 2108 regem

255 2124 450 2160 Fresouum
462 2123 613 2167 populos
630 2134 672 2158 ex
696 2125 844 2166 utraque
864 2124 970 2166 parte
988 2121 1218 2166 perturbabat
1235 2120 1463 2163 maximaque

254 2182 330 2217 iam
353 2191 445 2226 pars
468 2180 692 2216 ecclesiarum
718 2179 873 2221 Christi,
889 2184 999 2223 „quac
1027 2179 1248 2213 Francorum
1278 2176 1386 2221 prius
1420 2175 1462 2210 in

255 2239 383 2275 Fresia
408 2238 576 2273 subiectae
600 2240 701 2273 erant
734 2237 897 2281 imperio,
936 2238 1073 2271 vastata
1106 2237 1181 2270 erat
1213 2240 1244 2269 et
1276 2233 1462 2275 destructa,

323 2325 330 2332 .
353 2298 449 2331 ‚tum
474 2295 530 2330 vir
555 2293 648 2330 Dei.
674 2322 681 2329 .
703 2321 711 2330 .
749 2293 908 2338 pervenit
945 2295 982 2327 al
1021 2292 1144 2327 Trehct
1156 2292 1196 2337 “·”).
1226 2312 1264 2316 -
1294 2291 1460 2325 Attamen

372 2402 391 2436 ¹)
413 2401 499 2429 Anno
521 2402 591 2434 764;
612 2399 649 2428 cf.
670 2399 757 2427 Pertz
778 2397 858 2426 XXI.
880 2397 1054 2426 chronicon
1068 2396 1340 2429 Laureslzamense,
1352 2403 1381 2431 p.
1396 2396 1461 2422 342.

374 2449 394 2485 ²)
417 2447 461 2478 Cf.
484 2447 581 2476 Pertz.
603 2447 690 2476 Mon.
718 2446 817 2475 Germ.
840 2444 889 2474 SS.
913 2444 946 2472 T.
968 2443 1007 2475 ΙΙ.
1030 2452 1057 2480 p.
1079 2445 1133 2472 338
1155 2444 1186 2471 et
1206 2444 1270 2471 339.
