1721 2727
684 172 943 221 --105-ι

216 286 299 312 nam
324 278 358 310 et
384 275 623 320 compendium
647 275 712 310 hoe
736 275 821 310 satis
847 275 970 310 tritum
996 277 1069 311 erat
1103 277 1137 310 et
1170 276 1323 320 proxima
1346 287 1409 311 vox
1460 307 1463 310 ,

159 374 163 383 Ι
217 318 596 376 ΡΒόΡΙΝρυΙΤΑΤΕ
621 332 758 368 litteras
783 332 845 368 AT
872 332 1092 377 suppeditare
1117 332 1307 368 videbatur.
1347 333 1409 368 ee-

217 391 331 423 terum
357 390 453 424 itane
477 390 581 425 etiam
608 390 676 425 alio
700 389 772 424 loeo
797 400 817 425 a
842 389 939 425 Livio
964 400 1170 435 quamquam
1198 399 1265 425 non
1292 390 1410 425 eadem

216 446 350 480 ratione
374 448 574 491 usurpatum
602 446 829 491 deprehendi;
857 446 900 481 ef.
928 447 1075 489 XLIIII,
1105 448 1159 489 15,
1197 447 1300 482 5-6.
1338 447 1408 481 >iam

217 513 287 536 non
318 494 395 537 deos
423 503 599 548 foederum
630 503 740 544 testis,
781 502 839 536 sed
876 502 1030 537 Rhodios
1064 503 1251 538 habituros.
1290 504 1410 538 itane

216 560 384 595 tandem?
417 558 481 607 [ni]
520 560 552 594 is
576 562 751 603 pareatur
775 560 1006 604 exercitusque
1034 560 1075 595 de
1109 560 1320 595 Macedonia
1353 560 1410 595 de-

214 619 413 660 portentur,
464 617 597 651 visuros
637 627 705 652 esse
719 644 727 658 ,
777 617 861 661 qnid
885 617 968 657 ,sibi
1007 617 1209 662 faciendam
1248 619 1294 652 sit
1308 618 1327 652 ‚2
1365 638 1409 643 -

216 665 417 721 Legendum
449 675 557 720 igitur
588 674 671 710 erit:
712 673 960 721 opportuni
993 674 1117 709 itane
1148 674 1410 719 propinqui-

216 733 304 765 tate
328 731 428 775 ipsa
455 731 747 766 Macedoniae
771 732 943 766 smnus?

329 872 541 916 scripturam
568 872 693 908 codicis
719 872 743 907 f.
771 873 832 908 21v
858 874 881 909 l.
902 873 1059 917 15—16;
1085 874 1194 918 XLII,
1222 876 1253 916 3,
1280 874 1312 908 2.

432 932 435 934 ’
793 929 1170 967 MAGNUMORNAN
1185 930 1211 975 ¹)

384 985 1213 1023 TUMETTEMPLOIRATUSADIEOTURUM
1335 1024 1338 1028 ,

215 1043 252 1078 in
282 1042 488 1078 editionibus
521 1043 558 1078 et
594 1038 817 1089 MadvigIana
849 1045 884 1078 et
916 1043 1109 1078 Hertziana
1133 1043 1186 1078 ita
1210 1044 1410 1079 restitutam

217 1100 426 1137 invenimus:
453 1103 660 1136 ornatum
685 1101 716 1137 ei
736 1101 862 1145 templo
886 1103 988 1136 ratus
1013 1100 1241 1137 adiecturum.
1267 1100 1332 1137 Sed
1350 1111 1410 1137 cur

217 1159 402 1194 lectionem
435 1158 668 1194 Frobenianae
703 1159 863 1193 editionis
900 1153 1144 1193 ornamentum
1177 1159 1407 1201 deseruerint,

218 1225 285 1261 non
310 1214 494 1261 intellego;
527 1225 607 1249 nam
634 1224 842 1259 quamquam
869 1214 978 1256 locus,
1005 1224 1070 1259 quo
1097 1215 1169 1249 eius
1204 1215 1297 1250 vocis
1327 1226 1409 1250 usus

216 1282 353 1317 prorsus
379 1272 503 1308 similis
536 1272 810 1317 confirmaretur,
848 1272 871 1307 1.
906 1271 1002 1315 XLI,
1036 1272 1097 1315 18,
1129 1272 1153 1306 4
1188 1283 1273 1307 vasa
1298 1273 1410 1308 omnis

214 1327 349 1374 §eneris
373 1330 455 1364 asni
472 1330 586 1375 mayis
609 1341 714 1374 quam
739 1331 941 1364 ornamento
965 1329 1006 1363 in
1018 1330 1173 1372 ‘speeiem
1189 1325 1286 1373 faeta
1303 1331 1411 1365 inter-

215 1386 341 1431 polatis
359 1376 643 1422 adnumerandus
662 1397 733 1422 esse
761 1386 909 1426 videtur,
937 1395 1016 1421 oum
1041 1388 1244 1420 ornamento
1262 1397 1301 1421 ex
1318 1387 1411 1433 glos-

215 1445 363 1486 semate,
406 1454 470 1485 quo
511 1445 614 1479 verba¹
651 1444 690 1478 in
718 1443 870 1487 ‘speciem
907 1453 927 1478 a
957 1443 1056 1478 Livio
1082 1443 1286 1488 plerumque
1311 1455 1411 1479 sensu

202 1510 354 1547 ‚prorsus
388 1500 455 1536 alio
488 1500 646 1536 adhibita
672 1499 974 1547 explicarentur2),
1001 1501 1038 1536 in
1070 1502 1203 1536 textum
1228 1501 1411 1545 inrepsisse

216 1558 404 1593 verisimile
423 1558 470 1593 sit
487 1550 590 1603 atque
607 1557 717 1593 multo
743 1558 854 1604 magis
879 1558 966 1593 mihi
991 1558 1147 1593 adrideat
1172 1558 1301 1603 legere:
1327 1568 1410 1592 vasa

213 1615 328 1649 omnis
351 1614 486 1659 yeneris
510 1615 590 1649 usui
614 1616 728 1660 mayz's
752 1626 857 1658 quam
881 1615 922 1650 in
947 1615 1092 1658 speciem
1115 1616 1224 1659 faeta,
1243 1615 1412 1649 tenuerim

217 1671 326 1707 nihilo
355 1671 470 1707 minus
505 1682 581 1707 eam
606 1672 801 1715 lectionem,
827 1681 912 1717 quae
938 1670 1115 1707 invenitur
1139 1671 1175 1706 in
1200 1670 1411 1706 Frobeniana

214 1728 376 1765 editione.
404 1729 532 1774 Agitur
550 1729 642 1764 enim
666 1729 794 1764 iterum
818 1731 859 1764 de
885 1728 1094 1773 compendio,
1120 1729 1208 1774 quod
1234 1728 1411 1771 integrum

218 1784 369 1818 servavit
394 1783 497 1818 codex
523 1784 794 1819 vindobonensis
820 1785 975 1829 quodque
1001 1784 1097 1819 nulla
1121 1786 1252 1820 ratione
1277 1784 1409 1829 explere

1431 879 1502 905 XLII.
1518 880 1539 905 3,
1556 880 1576 901 2.

214 1839 298 1875 lieet
322 1839 389 1874 nisi
415 1839 614 1875 scribendo:
639 1851 840 1886 maynum
866 1839 1170 1877 ORNAmeN'rUM
1195 1840 1233 1875 ei
1258 1840 1410 1884 templo
1447 1893 1449 1896 ι

215 1898 344 1931 ratus
369 1896 659 1933 adiecturum.

328 2055 437 2100 XLII,
463 2056 496 2098 3,
525 2056 585 2091 11:
612 2068 699 2100 quae
724 2056 771 2091 ad
796 2057 995 2101 reliyionem
1015 2057 1205 2100 pertinent,
1230 2068 1307 2103 cam
1325 2070 1410 2093 eura

213 2112 327 2157 Ῐασέας
366 2111 497 2158 tegulas
528 2112 677 2150 relictas.
692 2113 731 2148 in
755 2124 841 2149 area
866 2113 995 2157 templi,
1019 2113 1105 2157 quia
1130 2113 1409 2158 reponendarum

337 2246 354 2282 ¹)
375 2245 423 2275 Sic
443 2245 555 2283 legitur
574 2245 607 2274 in
627 2245 732 2281 codice,
754 2255 814 2276 non
834 2248 870 2275 ut
889 2246 1058 2284 Madvigius
1078 2245 1176 2275 tradit
1196 2247 1359 2284 ernastum.

331 2294 354 2331 ²)
376 2293 528 2324 Hartelius
562 2298 738 2324 ornamento
768 2295 915 2333 glossema
947 2303 1010 2323 esse
1036 2294 1149 2332 primus
1175 2295 1339 2332 suspicatus
1359 2303 1411 2323 vo-

215 2341 258 2369 cis
284 2341 318 2369 in
343 2343 469 2378 speciem
495 2351 579 2371 usum
606 2342 690 2371 unico
715 2343 846 2372 firmavit
872 2342 1000 2379 exemplo
1030 2338 1153 2371 Liviano
1185 2342 1284 2378 (XLV,
1306 2345 1351 2377 33,
1380 2344 1408 2378 6)

215 2387 335 2417 aliunde
354 2389 457 2426 petitis
477 2389 613 2427 pluribus
634 2390 775 2427 (Ephem.
802 2390 907 2428 Gymn.
930 2389 1035 2419 Austr.
1059 2391 1141 2425 1866,
1163 2398 1191 2426 p.
1212 2391 1254 2426 2).

1428 2068 1498 2093 XLII,
1515 2070 1536 2103 3,
1555 2070 1591 2091 11.
