1721 2727
714 155 973 189 —117—

248 257 327 292 dem
353 256 475 301 capitis
500 267 530 291 v.
558 257 590 292 6.
618 257 641 292 f.
671 258 750 293 1031
775 258 797 292 1.
828 258 967 293 18—19
994 250 1361 305 GA-fflUNNEos¹)
1379 269 1440 304 pro

252 312 523 349 CAMBUNIOS
554 314 703 358 scripsit,
726 314 818 349 idem
844 313 967 350 ADEO
993 325 1054 359 pro
1079 314 1193 350 ADIO
1220 314 1241 349 i.
1269 326 1296 350 e.
1323 327 1346 349 a
1372 315 1442 350 Dio

250 371 395 406 scribere
414 371 573 416 potuerit.
608 371 799 418 Commisso
826 374 941 407 autem
967 382 1079 408 errore
1105 373 1178 408 sine
1203 373 1306 408 dubio
1332 373 1441 408 offen-

248 438 309 462 sus
336 428 387 463 est
411 429 581 473 particula
599 440 641 463 ue
658 429 869 473 intrusitque
887 439 973 471 eam,
993 439 1079 473 quae
1096 431 1173 473 post
1192 429 1276 464 adeo
1287 430 1438 474 plerum-

251 494 315 530 que
341 484 528 527 invenitur‚
554 488 601 521 ut.
653 485 853 532 Legendum
885 486 992 531 igitur
1023 486 1106 521 erit:
1147 486 1269 522 deiude
1294 499 1316 522 a
1342 485 1442 531 Dio,

249 553 299 576 ‘ne
323 542 530 586 obtorpuisse
554 543 656 585 inops
681 543 822 577 consilii
844 543 1027 587 videretur,
1045 554 1123 578 cum
1147 544 1318 587 equitibus
1343 555 1443 587 eaepe-

241 599 334 634 ditis
351 598 450 634 litore
467 610 561 634 mmo
578 598 800 643 Heracleam,
819 610 912 635 nuuc
929 598 1075 635 Philam
1087 600 1312 644 percurrebat
1328 600 1442 636 eodem

250 657 332 691 inde
356 668 462 692 cursu
486 656 545 692 Di
558 668 627 691 um
652 659 814 700 repeteres.

365 847 512 889 XLIIII,
540 848 572 889 8,
600 847 619 881 7
657 846 818 881 Hertzius
851 846 968 891 legitx-
985 847 1058 881 Hoc
1080 846 1225 890 flumine
1249 847 1444 891 obsaeptum
1456 854 1552 879 nnn.
1566 856 1587 881 8.
1603 855 1625 876 τ.

249 904 316 938 ‘iter
333 903 437 938 hostis
453 903 592 938 eredens
608 902 786 938 emto-ahere
803 903 946 938 relicum
963 906 1095 948 tempus
1111 903 1252 938 aestatis
1272 904 1310 939 iu
1327 904 1446 939 auimo

250 960 403 995 habebat.
454 961 542 995 Mihi
568 971 677 1004 neque
704 961 840 995 Hertzii
865 961 967 996 lectio
993 971 1102 1005 neque
1128 971 1168 996 ea
1191 962 1316 1005 placet,
1344 971 1445 1005 quam

252 1015 430 1063 Grynaeiis
468 1017 662 1062 proposuit:
705 1017 779 1052 Hoc
813 1016 959 1061 flumine
996 1017 1144 1052 Perseus
1180 1017 1439 1062 obsaeptum...

250 1075 362 1111 Codex
388 1075 427 1121 (f.
457 1075 539 1110 109ν
572 1075 594 1110 1.
622 1075 729 1122 3—6)
757 1076 876 1111 habet:

491 1141 1220 1196 HOCFLUMINEHOSPESETSEPTUM

366 1198 1231 1236 ΙΤΕΒΗΟΒΤΙΞΟΒΕΒΕΝὸΕΧΤΕΑΗΕΒΕΑΒΕ

366 1256 503 1292 LICUU
509 1255 1233 1292 MTEMPUSEAAESTATISINANIMO

367 1313 586 1349 HABEBAT

254 1390 444 1430 Indicium,
479 1392 569 1425 unde
607 1393 755 1436 genuina
792 1391 964 1435 scriptura
1002 1392 1111 1435 possit
1143 1391 1331 1432 enucleari,
1367 1401 1449 1434 sup-

254 1447 387 1491 peditat
418 1448 512 1483 locus
546 1447 650 1482 simili
683 1449 782 1483 modo
816 1448 1022 1493 depravatus
1053 1448 1214 1494 (XLIIIL
1232 1448 1290 1493 44,
1308 1447 1357 1493 3),
1391 1447 1451 1482 ubi

254 1504 357 1539 codex
395 1505 467 1546 (fol.
507 1505 587 1540 1441
630 1506 653 1540 1.
689 1506 748 1547 26)
788 1505 940 1540 exhibet:
983 1504 1450 1541 DEMUMRECEPTOHO·

256 1561 523 1604 SPITEFILIO,
550 1562 609 1596 ubi
635 1562 706 1597 iam
732 1563 912 1607 Grynaeus
944 1572 1063 1597 veram
1095 1562 1305 1607 scripturam
1329 1561 1452 1605 sospite

254 1620 422 1655 restituit.
475 1619 605 1661 Eodem
631 1620 732 1654 modo
758 1619 1015 1655 emendaverim
1026 1618 1055 1665 ⁹)
1091 1630 1171 1654 eum
1205 1619 1245 1654 de
1271 1629 1335 1663 quo
1361 1628 1452 1654 nunc

255 1677 393 1722 agimus
431 1676 546 1711 locum
580 1676 740 1722 legendo:
782 1676 857 1711 Hoc
888 1676 1034 1720 flumine
1076 1674 1130 1725 [et]
1164 1675 1320 1719 sospitem
1353 1685 1386 1709 se
1422 1680 1453 1709 et

252 1736 411 1777 saeptum
447 1734 513 1768 iter
543 1734 649 1769 hostis
685 1734 834 1769 eredens.

368 1810 544 1855 Expeditis
592 1811 714 1856 prioris
763 1811 871 1856 partis
914 1810 1179 1846 difficultatibus
1222 1811 1263 1845 ad
1310 1809 1451 1845 alterius

253 1868 381 1912 partis,
409 1878 495 1912 quae
533 1869 643 1903 multo
677 1869 823 1903 maiores
856 1869 955 1911 sunt,
990 1869 1215 1903 transeamus.
1265 1867 1448 1902 Editorum

255 1924 342 1959 mira
373 1934 510 1968 prorsus
543 1927 594 1959 est
628 1927 814 1967 consensio,
839 1935 917 1959 cum
950 1935 1066 1960 omnes
1098 1925 1233 1970 legant:
1275 1923 1453 1959 extrahere

373 2077 393 2112 ¹)
414 2076 505 2104 Prave
524 2077 668 2104 notarunt
693 2075 871 2111 scripturam
896 2074 1005 2103 codicis
1031 2076 1061 2102 et
1092 2074 1264 2112 Madvigius
1291 2075 1451 2110 (camburt-

256 2125 339 2161 neos)
362 2126 391 2152 et
411 2123 549 2151 Hertzius
571 2123 800 2159 (caibunrcews).

371 2181 394 2217 Ἰ)
406 2179 494 2209 Error
507 2188 540 2208 ex
552 2178 722 2216 compendio
733 2180 815 2208 ortus
827 2188 889 2208 esse
900 2178 1027 2213 videtur,
1035 2186 1093 2215 quo
1100 2187 1152 2216 pro
1161 2176 1451 2208 SOSPITEMSEET

258 2228 351 2265 primo
378 2227 561 2258 scribebatur
587 2226 845 2264 SOSPE‘lsEET
880 2228 928 2263 (=
949 2224 1259 2264 SOSP12E-fsEE'r),
1287 2227 1365 2264 quod
1386 2233 1453 2255 cum

258 2285 319 2305 non
339 2276 515 2314 perspiceret
534 2275 682 2310 librarius,
704 2275 839 2312 neglecta
859 2277 888 2303 et
912 2274 1030 2317 lineola,
1054 2283 1111 2312 qua
1130 2274 1233 2304 littera
1252 2275 1283 2303 M
1304 2274 1454 2313 significa-

259 2325 364 2359 batur,
396 2326 426 2353 et
458 2324 551 2353 altera
575 2323 679 2353 littera
709 2322 733 2362 F}
767 2323 897 2352 mhtavit
921 2323 952 2351 in
984 2322 1190 2358 HOSPESET,
1222 2331 1310 2360 quam
1336 2331 1454 2361 corrup-

257 2371 347 2401 telam
368 2371 453 2400 hodie
473 2372 505 2400 in
525 2370 623 2400 codice
642 2370 816 2400 invenimus.
