1721 2727
655 162 891 197 —33-

175 265 228 301 illi
253 266 449 310 adsignato,
485 268 542 302 secl
568 259 675 302 etiam
701 267 760 302 alii
786 266 1026 312 quaterniones
1053 267 1192 302 interim
1216 278 1237 303 a
1261 268 1368 304 totius

177 323 303 357 codicis
330 322 570 359 coniunctione
596 324 702 359 soluti
728 324 878 359 suerunt.
928 324 1033 359 Porro
1059 335 1099 359 ea
1132 325 1268 359 tantum
1293 335 1369 359 sen·
1417 321 1420 323 ’

175 379 287 414 tentia
324 380 512 425 explicatur
553 382 784 417 necessarium
816 380 922 416 fuisse
959 381 1152 428 significare
1186 383 1221 416 et
1255 383 1371 425 partes

176 447 280 482 vagas
318 440 352 472 et
392 439 487 473 sedes
527 438 611 483 ipsis
647 438 892 481 adtribuendas
932 438 1114 484 adscriptis
1153 449 1240 484 quae
1280 437 1372 474 inter

177 503 213 528 se
256 495 498 539 responderent
546 495 697 537 litteris,
749 495 868 539 utique
910 495 991 540 quia
1032 497 1149 531 adesse
1191 496 1372 530 videbatur

177 551 385 595 periculum,
429 563 471 587 ne
508 552 635 586 iterum
662 551 918 596 sedibusipsis
944 552 1134 597 adsignatis
1165 552 1370 588 eicerentur.

178 601 227 642 Ex'
269 609 552 653 quaternionibus
593 619 674 644 vero
716 608 790 644 IIII
832 611 866 644 et
907 608 938 643 V
974 610 1043 644 iam
1085 612 1168 644 tunc
1208 610 1372 654 temporis

178 667 315 710 praeter
340 667 406 701 duo
432 666 515 701 solia
540 667 575 709 (9
603 669 637 701 et
665 667 723 709 10)
748 667 836 701 nihil
862 669 1047 711 supererat.
1099 666 1194 701 Num
1218 666 1373 711 reliquae

178 722 304 757 codicis
329 724 445 767 partes
472 733 559 767 quae
591 723 689 758 hodie
721 725 844 758 desunt
879 723 949 759 iam
980 725 1057 758 tum
1088 723 1276 765 defuerint,
1311 733 1373 769 pro

180 780 271 814 certo
298 780 366 814 diei
391 781 525 824 nequit:
555 779 743 815 verisimile
761 781 880 816 tamen
899 780 1179 822 existimaverim,
1198 780 1270 816 fere
1288 791 1372 817 eun-

182 836 259 871 dem
287 846 326 871 eo
352 840 504 881 tempore
523 837 683 872 foliorum
704 837 810 872 fuisse
825 848 1020 879 numerum,
1037 838 1118 882 quia
1134 837 1202 872 nisi
1218 839 1267 873 ita
1284 839 1374 873 esset

179 894 252 928 iure
290 894 416 928 merito
448 894 654 929 miraremur
690 894 826 929 nullum
857 905 897 929 ex
927 896 968 929 iis
994 904 1095 939 quae>
1116 894 1217 929 hodie
1251 895 1376 929 desunt

180 950 300 985 littera
314 950 419 985 fuisse
434 951 654 996 insignitum3
675 961 755 987 113111
770 952 889 986 seriem
901 951 1101 987 litterarum
1113 950 1252 999 (A—Q)
1267 952 1375 987 conti-

181 1018 287 1043 nuam
305 1008 401 1042 nulla
425 1008 520 1043 hiare
539 1008 664 1043 lacuna
681 1019 785 1053 supra
802 1010 962 1044 vidimus.
990 1009 1121 1044 Deinde
1138 1019 1218 1044 cum
1234 1010 1375 1054 quater-

180 1065 299 1099 niones
340 1064 424 1099 XXI
473 1064 646 1099 XXVIIII
691 1065 827 1100 XXXII
879 1066 1057 1100 mediis
1111 1065 1377 1109 quaternionum

182 1122 399 1166 quorundum
430 1121 520 1156 foliis
558 1117 814 1156 insertosesse
851 1122 988 1157 litterae
1032 1122 1244 1167 significent,
1286 1123 1376 1158 idem

182 1181 223 1215 de
260 1179 353 1214 foliis
392 1182 412 1215 9
451 1179 487 1214 et
527 1180 571 1215 10
611 1180 818 1215 contendere
858 1179 995 1221 licebit;
1037 1180 1128 1215 unde
1165 1180 1263 1215 nobis
1299 1190 1377 1225 per-

184 1239 368 1279 suasimus,
406 1237 489 1272 folia
525 1237 592 1272 135
610 1238 643 1271 et
663 1237 730 1271 138
766 1240 824 1280 (z
847 1237 1032 1282 q.XXV1‚
1062 1237 1132 1271 let
1158 1237 1193 1278 8)
1225 1236 1272 1271 ali
1292 1246 1376 1281 qua-

183 1293 331 1329 ternioni
372 1293 442 1330 iam
484 1293 589 1329 fuisse
631 1294 780 1338 inserta,
824 1303 903 1330 cum
945 1293 1070 1330 codicis
1111 1295 1227 1339 partes
1269 1303 1378 1340 vagae

184 1353 313 1387 litteris
340 1352 486 1396 adpictis
512 1352 748 1393 firmarentur;
775 1352 859 1397 quid
884 1362 964 1386 vero
989 1351 1128 1386 facilius
1154 1362 1259 1396 quam
1285 1352 1379 1397 cogi-

184 1411 259 1444 tare
290 1409 332 1444 de
363 1409 588 1454 quaternione
619 1409 729 1451 XXV,
766 1409 866 1443 cuius
904 1409 1005 1443 hodie
1043 1409 1207 1452 quattuor
1240 1409 1379 1443 tantum

186 1465 268 1501 folia
301 1466 494 1502 habentur?
544 1466 657 1511 Atque
683 1466 718 1501 id
743 1466 857 1511 ipsum
881 1466 917 1501 in
943 1476 1046 1501 causa
1071 1464 1278 1511 erat‚aequod
1311 1465 1381 1501 iam

187 1524 315 1560 saeculi
341 1524 456 1560 octavi
481 1524 622 1559 tabulae
640 1525 879 1569 quaterniones
904 1523 1002 1559 XXV
1028 1525 1062 1558 et
1086 1522 1202 1558 XXVI
1221 1523 1256 1558 in
1274 1533 1381 1558 unum

187 1581 353 1616 conflatos
378 1571 596 1616 inseruiinus.
640 1581 736 1624 Quod
762 1581 793 1615 si
817 1582 867 1616 ita
891 1591 928 1616 se
953 1580 1081 1616 habere
1106 1580 1197 1615 inter
1221 1590 1282 1615 nos
1300 1590 1381 1615 con-

188 1639 295 1680 venit,
323 1638 488 1683 temporis
514 1638 661 1672 decursu
687 1648 726 1672 ex
752 1636 975 1682 quaternione
999 1636 1051 1672 ita
1069 1637 1257 1672 constituto
1275 1637 1382 1672 inter-

190 1695 312 1731 cidisse
338 1705 476 1730 necesse
502 1697 555 1730 est
580 1704 779 1730 censeamus
804 1694 887 1731 folia
917 1695 1031 1730 media
1064 1694 1132 1730 136
1167 1696 1202 1729 et
1236 1694 1314 1736 137,
1346 1694 1382 1728 in

192 1764 338 1799 quorum
363 1754 480 1789 locum
505 1754 639 1789 intrusa
664 1763 738 1788 esse
763 1752 845 1788 folia
870 1754 892 1788 9
918 1754 952 1788 et
980 1753 1026 1788 10
1049 1752 1186 1788 litterae
1220 1751 1254 1786 K
1286 1752 1321 1786 et
1354 1750 1381 1785 L

190 1812 375 1846 testantur.
411 1810 507 1846 Folia
535 1810 601 1846 136
627 1813 661 1845 et
690 1811 755 1845 137
783 1812 900 1846 autem
924 1810 1044 1855 procul
1069 1809 1173 1845 dubio
1190 1810 1261 1845 iam
1285 1809 1382 1843 ante-

190 1878 296 1913 quam
321 1868 460 1903 litterae
485 1869 584 1914 vagis
610 1867 804 1913 adscriptae
829 1868 909 1902 sunt
935 1867 1041 1910 foliis,
1075 1867 1205 1901 inserta
1229 1875 1303 1900 esse
1329 1864 1381 1900 vi-

189 1927 313 1961 dentur
348 1925 462 1960 medio
500 1924 716 1969 quaternioni
752 1924 906 1967 XXVII,
946 1924 1042 1959 cuius
1073 1923 1190 1965 hodie,
1226 1923 1262 1957 id
1294 1922 1382 1966 quod

192 1982 321 2028 optime
346 1982 414 2017 huc
440 1982 543 2024 facit,
571 1984 637 2018 duo
664 1981 747 2017 folia
771 1982 886 2017 media
910 1982 1035 2017 desunt
1059 1982 1094 2015 et
1119 1981 1214 2015 cuius
1245 1978 1330 2014 folia
1362 1979 1384 2013 3

192 2041 226 2076 et
251 2041 273 2075 6
300 2039 358 2086 (=
380 2038 444 2075 141
472 2040 507 2074 et
535 2039 617 2085 142)
650 2038 804 2074 eiusdem
830 2039 900 2074 fere
926 2041 961 2074 et
992 2037 1187 2073 latitudinis
1212 2038 1247 2072 et
1272 2035 1384 2081 longi-

193 2097 325 2133 tudinis
352 2099 432 2133 sunt
457 2098 559 2140 atque
587 2097 670 2131 folia
697 2097 765 2132 136
790 2098 825 2131 et
852 2096 929 2131 137.

306 2175 409 2210 Hunc
446 2183 525 2209 vero
558 2172 824 2217 quaternionum
862 2173 898 2207 et
935 2171 1095 2207 foliorum
1133 2169 1286 2205 ordinem
1325 2179 1386 2213 per

193 2234 330 2279 aliquod
355 2234 492 2278 tempus
519 2230 689 2266 exstitisse
722 2230 956 2276 immutatum·
973 2227 1075 2264 facile
1100 2228 1215 2273 potest
1238 2225 1385 2271 probari.

194 2292 331 2327 Etenim
357 2291 483 2326 natura
507 2287 675 2334 marginis
702 2288 868 2335 cogimur,
894 2289 932 2322 ut
962 2285 1220 2331 quaternionem
1250 2282 1387 2319 XXXII

194 2352 254 2395 (ε
274 2349 332 2383 fol.
363 2347 562 2391 174—181)
596 2346 679 2382 olim
709 2346 784 2381 loco
816 2355 877 2381 suo
909 2345 1041 2380 motum
1068 2343 1173 2378 fuisse
1198 2342 1389 2377 credamus,

1256 2410 1274 2436 3
