<?xml version="1.0" encoding="UTF-8"?>
<!DOCTYPE html PUBLIC "-//W3C//DTD XHTML 1.0 Transitional//EN"
    "http://www.w3.org/TR/xhtml1/DTD/xhtml1-transitional.dtd">
<html xmlns="http://www.w3.org/1999/xhtml" xml:lang="en" lang="en">
 <head>
  <title>
</title>
<meta http-equiv="Content-Type" content="text/html;charset=utf-8" />
  <meta name='ocr-system' content='tesseract 3.04.00' />
  <meta name='ocr-capabilities' content='ocr_page ocr_carea ocr_par ocr_line ocrx_word'/>
</head>
<body>
  <div class='ocr_page' id='page_1' title='image "4771788_0116.png"; bbox 0 0 1721 2727; ppageno 0'>
   <div class='ocr_carea' id='block_1_1' title="bbox 761 173 1021 207">
    <p class='ocr_par' dir='ltr' id='par_1_1' title="bbox 761 173 1021 207">
     <span class='ocr_line' id='line_1_1' title="bbox 761 173 1021 207; baseline 0 0"><span class='ocrx_word' id='word_1_1' title='bbox 761 173 1021 207; x_wconf 78' lang='lat'>—100—</span> 
     </span>
    </p>
   </div>
   <div class='ocr_carea' id='block_1_2' title="bbox 287 274 1495 717">
    <p class='ocr_par' dir='ltr' id='par_1_2' title="bbox 287 274 1495 717">
     <span class='ocr_line' id='line_1_2' title="bbox 290 274 1495 321; baseline 0.002 -13"><span class='ocrx_word' id='word_1_2' title='bbox 290 274 403 309; x_wconf 82' lang='lat' dir='ltr'>exstat</span> <span class='ocrx_word' id='word_1_3' title='bbox 429 274 464 309; x_wconf 91' lang='lat' dir='ltr'>in</span> <span class='ocrx_word' id='word_1_4' title='bbox 492 274 550 309; x_wconf 84' lang='lat' dir='ltr'>fol.</span> <span class='ocrx_word' id='word_1_5' title='bbox 583 274 675 315; x_wconf 69' lang='lat'>1581,</span> <span class='ocrx_word' id='word_1_6' title='bbox 703 275 724 308; x_wconf 93' lang='grc'>1.</span> <span class='ocrx_word' id='word_1_7' title='bbox 755 275 799 309; x_wconf 87' lang='grc'>19</span> <span class='ocrx_word' id='word_1_8' title='bbox 825 274 942 319; x_wconf 88' lang='lat' dir='ltr'>(XLV,</span> <span class='ocrx_word' id='word_1_9' title='bbox 965 275 1018 315; x_wconf 90' lang='lat'>13,</span> <span class='ocrx_word' id='word_1_10' title='bbox 1036 275 1091 316; x_wconf 87' lang='grc'>8),</span> <span class='ocrx_word' id='word_1_11' title='bbox 1119 275 1179 310; x_wconf 93' lang='lat' dir='ltr'>ubi</span> <span class='ocrx_word' id='word_1_12' title='bbox 1205 276 1363 321; x_wconf 82' lang='lat' dir='ltr'>librarius</span> <span class='ocrx_word' id='word_1_13' title='bbox 1390 285 1495 320; x_wconf 87' lang='lat' dir='ltr'>prae-</span> 
     </span>
     <span class='ocr_line' id='line_1_3' title="bbox 289 330 1490 377; baseline 0.002 -12"><span class='ocrx_word' id='word_1_14' title='bbox 289 341 416 368; x_wconf 80' lang='lat' dir='ltr'><strong>nomen</strong></span> <span class='ocrx_word' id='word_1_15' title='bbox 447 330 514 366; x_wconf 78' lang='lat' dir='ltr'>Gai</span> <span class='ocrx_word' id='word_1_16' title='bbox 543 342 601 375; x_wconf 88' lang='lat' dir='ltr'>per</span> <span class='ocrx_word' id='word_1_17' title='bbox 632 331 871 375; x_wconf 85' lang='lat' dir='ltr'>compendium</span> <span class='ocrx_word' id='word_1_18' title='bbox 902 330 988 366; x_wconf 87' lang='lat' dir='ltr'>alibi</span> <span class='ocrx_word' id='word_1_19' title='bbox 1018 331 1186 376; x_wconf 88' lang='lat' dir='ltr'>scriptum</span> <span class='ocrx_word' id='word_1_20' title='bbox 1213 331 1490 377; x_wconf 85' lang='lat' dir='ltr'>(C·PAPIRIO)</span> 
     </span>
     <span class='ocr_line' id='line_1_4' title="bbox 289 387 1491 431; baseline 0.002 -8"><span class='ocrx_word' id='word_1_21' title='bbox 289 389 441 423; x_wconf 85' lang='lat' dir='ltr'>mutavit</span> <span class='ocrx_word' id='word_1_22' title='bbox 467 389 500 422; x_wconf 93' lang='lat' dir='ltr'>in</span> <span class='ocrx_word' id='word_1_23' title='bbox 520 387 618 423; x_wconf 89' lang='lat' dir='ltr'>CUM</span> <span class='ocrx_word' id='word_1_24' title='bbox 643 387 879 431; x_wconf 89' lang='lat' dir='ltr'><strong>(PAPIRIO).</strong></span> <span class='ocrx_word' id='word_1_25' title='bbox 905 388 1049 423; x_wconf 88' lang='lat' dir='ltr'>Prorsus</span> <span class='ocrx_word' id='word_1_26' title='bbox 1076 388 1166 422; x_wconf 89' lang='lat' dir='ltr'>idem</span> <span class='ocrx_word' id='word_1_27' title='bbox 1195 398 1289 423; x_wconf 90' lang='lat' dir='ltr'>error</span> <span class='ocrx_word' id='word_1_28' title='bbox 1313 389 1491 425; x_wconf 86' lang='lat' dir='ltr'>invenitur</span> 
     </span>
     <span class='ocr_line' id='line_1_5' title="bbox 288 444 1493 491; baseline 0.003 -12"><span class='ocrx_word' id='word_1_29' title='bbox 288 445 325 479; x_wconf 92' lang='lat' dir='ltr'>in</span> <span class='ocrx_word' id='word_1_30' title='bbox 352 445 410 481; x_wconf 86' lang='lat' dir='ltr'>fol.</span> <span class='ocrx_word' id='word_1_31' title='bbox 439 444 523 480; x_wconf 57' lang='lat'><strong>1542*</strong></span> <span class='ocrx_word' id='word_1_32' title='bbox 548 445 572 480; x_wconf 93' lang='lat' dir='ltr'>l.</span> <span class='ocrx_word' id='word_1_33' title='bbox 599 445 645 479; x_wconf 79' lang='lat'>29</span> <span class='ocrx_word' id='word_1_34' title='bbox 672 444 792 491; x_wconf 84' lang='lat' dir='ltr'>(XLV,</span> <span class='ocrx_word' id='word_1_35' title='bbox 822 444 875 487; x_wconf 87' lang='lat'>10,</span> <span class='ocrx_word' id='word_1_36' title='bbox 906 444 977 491; x_wconf 86' lang='lat'>10),</span> <span class='ocrx_word' id='word_1_37' title='bbox 1015 444 1075 480; x_wconf 92' lang='lat' dir='ltr'>ubi</span> <span class='ocrx_word' id='word_1_38' title='bbox 1102 444 1199 481; x_wconf 89' lang='lat' dir='ltr'>CUM</span> <span class='ocrx_word' id='word_1_39' title='bbox 1230 444 1396 481; x_wconf 88' lang='lat' dir='ltr'>DECIMI</span> <span class='ocrx_word' id='word_1_40' title='bbox 1427 457 1493 491; x_wconf 48' lang='lat' dir='ltr'>pro*</span> 
     </span>
     <span class='ocr_line' id='line_1_6' title="bbox 289 500 1489 546; baseline 0.003 -11"><span class='ocrx_word' id='word_1_41' title='bbox 289 501 328 536; x_wconf 86' lang='lat' dir='ltr'>C·</span> <span class='ocrx_word' id='word_1_42' title='bbox 352 500 519 536; x_wconf 88' lang='lat' dir='ltr'>DECIMI</span> <span class='ocrx_word' id='word_1_43' title='bbox 554 500 696 546; x_wconf 87' lang='lat' dir='ltr'>legitur.</span> <span class='ocrx_word' id='word_1_44' title='bbox 745 501 849 535; x_wconf 84' lang='lat' dir='ltr'>Patet</span> <span class='ocrx_word' id='word_1_45' title='bbox 876 502 984 545; x_wconf 82' lang='lat' dir='ltr'>igitur</span> <span class='ocrx_word' id='word_1_46' title='bbox 1009 502 1044 535; x_wconf 94' lang='lat' dir='ltr'>in</span> <span class='ocrx_word' id='word_1_47' title='bbox 1071 502 1258 546; x_wconf 88' lang='lat' dir='ltr'>archetypo</span> <span class='ocrx_word' id='word_1_48' title='bbox 1283 502 1365 540; x_wconf 88' lang='lat' dir='ltr'>hinc</span> <span class='ocrx_word' id='word_1_49' title='bbox 1389 503 1489 538; x_wconf 92' lang='lat' dir='ltr'>illinc</span> 
     </span>
     <span class='ocr_line' id='line_1_7' title="bbox 289 557 1487 603; baseline 0.001 -10"><span class='ocrx_word' id='word_1_50' title='bbox 289 557 386 593; x_wconf 85' lang='lat' dir='ltr'>CUM</span> <span class='ocrx_word' id='word_1_51' title='bbox 405 567 466 602; x_wconf 93' lang='lat' dir='ltr'>per</span> <span class='ocrx_word' id='word_1_52' title='bbox 492 557 730 602; x_wconf 72' lang='lat' dir='ltr'>compendium</span> <span class='ocrx_word' id='word_1_53' title='bbox 753 558 856 592; x_wconf 86' lang='lat' dir='ltr'>fuisse</span> <span class='ocrx_word' id='word_1_54' title='bbox 873 558 1058 603; x_wconf 80' lang='lat' dir='ltr'>scriptum3</span> <span class='ocrx_word' id='word_1_55' title='bbox 1086 567 1168 593; x_wconf 87' lang='lat' dir='ltr'>nam</span> <span class='ocrx_word' id='word_1_56' title='bbox 1185 558 1237 593; x_wconf 88' lang='lat' dir='ltr'>ita</span> <span class='ocrx_word' id='word_1_57' title='bbox 1255 560 1392 593; x_wconf 88' lang='lat' dir='ltr'>tantum</span> <span class='ocrx_word' id='word_1_58' title='bbox 1413 559 1487 594; x_wconf 89' lang='lat' dir='ltr'>fieri</span> 
     </span>
     <span class='ocr_line' id='line_1_8' title="bbox 287 614 1487 660; baseline 0.002 -11"><span class='ocrx_word' id='word_1_59' title='bbox 287 616 418 660; x_wconf 89' lang='lat' dir='ltr'>potuit,</span> <span class='ocrx_word' id='word_1_60' title='bbox 445 617 483 649; x_wconf 92' lang='lat' dir='ltr'>ut</span> <span class='ocrx_word' id='word_1_61' title='bbox 509 615 672 650; x_wconf 88' lang='lat' dir='ltr'>librarius</span> <span class='ocrx_word' id='word_1_62' title='bbox 698 625 908 659; x_wconf 84' lang='lat' dir='ltr'>praenomen</span> <span class='ocrx_word' id='word_1_63' title='bbox 935 614 973 650; x_wconf 80' lang='lat' dir='ltr'>O·</span> <span class='ocrx_word' id='word_1_64' title='bbox 1005 615 1040 650; x_wconf 94' lang='lat' dir='ltr'>in</span> <span class='ocrx_word' id='word_1_65' title='bbox 1065 615 1164 651; x_wconf 84' lang='lat' dir='ltr'>CUM</span> <span class='ocrx_word' id='word_1_66' title='bbox 1196 618 1361 651; x_wconf 86' lang='lat' dir='ltr'>mutaret.</span> <span class='ocrx_word' id='word_1_67' title='bbox 1389 617 1487 651; x_wconf 87' lang='lat' dir='ltr'>Unde</span> 
     </span>
     <span class='ocr_line' id='line_1_9' title="bbox 287 673 1486 717; baseline 0 -11"><span class='ocrx_word' id='word_1_68' title='bbox 287 673 457 716; x_wconf 83' lang='lat' dir='ltr'>expuncta</span> <span class='ocrx_word' id='word_1_69' title='bbox 482 681 564 706; x_wconf 90' lang='lat' dir='ltr'>voce</span> <span class='ocrx_word' id='word_1_70' title='bbox 590 683 751 715; x_wconf 78' lang='lat' dir='ltr'>currum,</span> <span class='ocrx_word' id='word_1_71' title='bbox 779 682 884 716; x_wconf 87' lang='lat' dir='ltr'>quam</span> <span class='ocrx_word' id='word_1_72' title='bbox 909 673 1100 707; x_wconf 83' lang='lat' dir='ltr'>necessario</span> <span class='ocrx_word' id='word_1_73' title='bbox 1126 673 1253 717; x_wconf 87' lang='lat' dir='ltr'>requiri</span> <span class='ocrx_word' id='word_1_74' title='bbox 1278 682 1378 708; x_wconf 87' lang='lat' dir='ltr'>nemo</span> <span class='ocrx_word' id='word_1_75' title='bbox 1406 683 1486 708; x_wconf 91' lang='lat' dir='ltr'>con-</span> 
     </span>
    </p>
   </div>
   <div class='ocr_carea' id='block_1_3' title="bbox 239 799 1506 2367">
    <p class='ocr_par' dir='ltr' id='par_1_3' title="bbox 239 799 1506 2367">
     <span class='ocr_line' id='line_1_10' title="bbox 283 799 1491 841; baseline 0.001 -9"><span class='ocrx_word' id='word_1_76' title='bbox 283 803 409 838; x_wconf 89' lang='lat' dir='ltr'>lebatur,</span> <span class='ocrx_word' id='word_1_77' title='bbox 431 804 482 841; x_wconf 88' lang='lat' dir='ltr'>qui</span> <span class='ocrx_word' id='word_1_78' title='bbox 503 804 599 832; x_wconf 86' lang='lat' dir='ltr'>altero</span> <span class='ocrx_word' id='word_1_79' title='bbox 620 799 754 832; x_wconf 75' lang='lat' dir='ltr'>dictante</span> <span class='ocrx_word' id='word_1_80' title='bbox 775 812 859 832; x_wconf 91' lang='lat' dir='ltr'>voces</span> <span class='ocrx_word' id='word_1_81' title='bbox 884 804 997 833; x_wconf 85' lang='lat' dir='ltr'>litteris</span> <span class='ocrx_word' id='word_1_82' title='bbox 1018 804 1194 838; x_wconf 85' lang='lat' dir='ltr'>mandabat;</span> <span class='ocrx_word' id='word_1_83' title='bbox 1227 813 1296 834; x_wconf 83' lang='lat' dir='ltr'>nam</span> <span class='ocrx_word' id='word_1_84' title='bbox 1322 805 1377 833; x_wconf 92' lang='lat' dir='ltr'>hoc</span> <span class='ocrx_word' id='word_1_85' title='bbox 1397 804 1491 833; x_wconf 78' lang='lat' dir='ltr'>modo</span> 
     </span>
     <span class='ocr_line' id='line_1_11' title="bbox 284 850 1486 889; baseline 0.001 -10"><span class='ocrx_word' id='word_1_86' title='bbox 284 851 453 880; x_wconf 83' lang='lat' dir='ltr'>confectum</span> <span class='ocrx_word' id='word_1_87' title='bbox 474 860 536 880; x_wconf 86' lang='lat' dir='ltr'>esse</span> <span class='ocrx_word' id='word_1_88' title='bbox 557 851 687 880; x_wconf 86' lang='lat' dir='ltr'>codicem</span> <span class='ocrx_word' id='word_1_89' title='bbox 704 850 964 880; x_wconf 76' lang='lat' dir='ltr'>vindobonensem</span> <span class='ocrx_word' id='word_1_90' title='bbox 984 851 1044 880; x_wconf 84' lang='lat' dir='ltr'>fere</span> <span class='ocrx_word' id='word_1_91' title='bbox 1065 852 1097 880; x_wconf 91' lang='lat' dir='ltr'>in</span> <span class='ocrx_word' id='word_1_92' title='bbox 1116 852 1273 889; x_wconf 86' lang='lat' dir='ltr'>propatulo</span> <span class='ocrx_word' id='word_1_93' title='bbox 1294 854 1349 882; x_wconf 88' lang='lat' dir='ltr'>est.</span> <span class='ocrx_word' id='word_1_94' title='bbox 1372 851 1413 880; x_wconf 86' lang='lat' dir='ltr'>De</span> <span class='ocrx_word' id='word_1_95' title='bbox 1427 860 1486 888; x_wconf 89' lang='lat' dir='ltr'>qua</span> 
     </span>
     <span class='ocr_line' id='line_1_12' title="bbox 284 898 1490 935; baseline 0.001 -9"><span class='ocrx_word' id='word_1_96' title='bbox 284 907 314 927; x_wconf 91' lang='lat' dir='ltr'>re</span> <span class='ocrx_word' id='word_1_97' title='bbox 335 907 401 927; x_wconf 90' lang='lat' dir='ltr'>cum</span> <span class='ocrx_word' id='word_1_98' title='bbox 422 898 454 926; x_wconf 89' lang='lat' dir='ltr'>in</span> <span class='ocrx_word' id='word_1_99' title='bbox 475 900 627 934; x_wconf 85' lang='lat' dir='ltr'>posterum</span> <span class='ocrx_word' id='word_1_100' title='bbox 650 898 816 927; x_wconf 76' lang='lat' dir='ltr'>accuratius</span> <span class='ocrx_word' id='word_1_101' title='bbox 837 898 996 927; x_wconf 76' lang='lat' dir='ltr'>instituere</span> <span class='ocrx_word' id='word_1_102' title='bbox 1018 899 1222 935; x_wconf 82' lang='lat' dir='ltr'>quaestionem</span> <span class='ocrx_word' id='word_1_103' title='bbox 1249 900 1280 928; x_wconf 90' lang='lat' dir='ltr'>in</span> <span class='ocrx_word' id='word_1_104' title='bbox 1311 899 1408 927; x_wconf 85' lang='lat' dir='ltr'>animo</span> <span class='ocrx_word' id='word_1_105' title='bbox 1434 899 1490 934; x_wconf 53' lang='lat' dir='ltr'>sit,</span> 
     </span>
     <span class='ocr_line' id='line_1_13' title="bbox 283 945 1485 982; baseline 0 -9"><span class='ocrx_word' id='word_1_106' title='bbox 283 954 377 982; x_wconf 85' lang='lat' dir='ltr'>pauca</span> <span class='ocrx_word' id='word_1_107' title='bbox 395 945 539 982; x_wconf 83' lang='lat' dir='ltr'>quaedam</span> <span class='ocrx_word' id='word_1_108' title='bbox 559 947 679 973; x_wconf 90' lang='lat' dir='ltr'>tantum</span> <span class='ocrx_word' id='word_1_109' title='bbox 700 954 772 982; x_wconf 88' lang='lat' dir='ltr'>quae</span> <span class='ocrx_word' id='word_1_110' title='bbox 800 946 857 974; x_wconf 92' lang='lat' dir='ltr'>huc</span> <span class='ocrx_word' id='word_1_111' title='bbox 884 946 996 974; x_wconf 86' lang='lat' dir='ltr'>faciant</span> <span class='ocrx_word' id='word_1_112' title='bbox 1028 946 1170 974; x_wconf 85' lang='lat' dir='ltr'>adferam.</span> <span class='ocrx_word' id='word_1_113' title='bbox 1212 947 1288 975; x_wconf 88' lang='lat' dir='ltr'>Sunt</span> <span class='ocrx_word' id='word_1_114' title='bbox 1322 946 1353 974; x_wconf 90' lang='lat' dir='ltr'>in</span> <span class='ocrx_word' id='word_1_115' title='bbox 1387 945 1485 974; x_wconf 89' lang='lat' dir='ltr'>codice</span> 
     </span>
     <span class='ocr_line' id='line_1_14' title="bbox 282 991 1485 1031; baseline -0.001 -10"><span class='ocrx_word' id='word_1_116' title='bbox 282 992 350 1028; x_wconf 84' lang='lat' dir='ltr'>loci,</span> <span class='ocrx_word' id='word_1_117' title='bbox 371 992 402 1021; x_wconf 90' lang='lat' dir='ltr'>in</span> <span class='ocrx_word' id='word_1_118' title='bbox 424 992 530 1030; x_wconf 87' lang='lat' dir='ltr'>quibus</span> <span class='ocrx_word' id='word_1_119' title='bbox 551 991 707 1021; x_wconf 86' lang='lat' dir='ltr'>librarium</span> <span class='ocrx_word' id='word_1_120' title='bbox 727 1000 869 1021; x_wconf 85' lang='lat' dir='ltr'>consonae</span> <span class='ocrx_word' id='word_1_121' title='bbox 889 992 1027 1027; x_wconf 80' lang='lat' dir='ltr'>vocalem,</span> <span class='ocrx_word' id='word_1_122' title='bbox 1051 1001 1125 1030; x_wconf 82' lang='lat' dir='ltr'>quae</span> <span class='ocrx_word' id='word_1_123' title='bbox 1138 993 1170 1022; x_wconf 88' lang='lat' dir='ltr'>in</span> <span class='ocrx_word' id='word_1_124' title='bbox 1182 992 1402 1031; x_wconf 85' lang='lat' dir='ltr'>pronuntiando</span> <span class='ocrx_word' id='word_1_125' title='bbox 1423 991 1485 1021; x_wconf 88' lang='lat' dir='ltr'>adi-</span> 
     </span>
     <span class='ocr_line' id='line_1_15' title="bbox 284 1040 1483 1078; baseline 0.001 -9"><span class='ocrx_word' id='word_1_126' title='bbox 284 1041 369 1075; x_wconf 88' lang='lat' dir='ltr'>citur,</span> <span class='ocrx_word' id='word_1_127' title='bbox 391 1040 579 1077; x_wconf 82' lang='lat' dir='ltr'>adscripsisse</span> <span class='ocrx_word' id='word_1_128' title='bbox 599 1040 742 1078; x_wconf 89' lang='lat' dir='ltr'>videmus,</span> <span class='ocrx_word' id='word_1_129' title='bbox 764 1041 834 1077; x_wconf 85' lang='lat' dir='ltr'>quia</span> <span class='ocrx_word' id='word_1_130' title='bbox 844 1040 878 1075; x_wconf 86' lang='lat' dir='ltr'>is,</span> <span class='ocrx_word' id='word_1_131' title='bbox 894 1041 945 1078; x_wconf 91' lang='lat' dir='ltr'>qui</span> <span class='ocrx_word' id='word_1_132' title='bbox 960 1040 1101 1077; x_wconf 82' lang='lat' dir='ltr'>dictabat,</span> <span class='ocrx_word' id='word_1_133' title='bbox 1116 1041 1167 1070; x_wconf 92' lang='lat' dir='ltr'>ubi</span> <span class='ocrx_word' id='word_1_134' title='bbox 1182 1050 1281 1070; x_wconf 90' lang='lat' dir='ltr'>vocem</span> <span class='ocrx_word' id='word_1_135' title='bbox 1303 1041 1361 1070; x_wconf 91' lang='lat' dir='ltr'>sibi</span> <span class='ocrx_word' id='word_1_136' title='bbox 1381 1042 1483 1078; x_wconf 89' lang='lat' dir='ltr'>cogni-</span> 
     </span>
     <span class='ocr_line' id='line_1_16' title="bbox 282 1087 1483 1124; baseline 0.001 -9"><span class='ocrx_word' id='word_1_137' title='bbox 282 1090 345 1116; x_wconf 86' lang='lat' dir='ltr'>tam</span> <span class='ocrx_word' id='word_1_138' title='bbox 372 1096 432 1116; x_wconf 91' lang='lat' dir='ltr'>non</span> <span class='ocrx_word' id='word_1_139' title='bbox 458 1087 707 1124; x_wconf 84' lang='lat' dir='ltr'>deprehendebat,</span> <span class='ocrx_word' id='word_1_140' title='bbox 738 1088 802 1116; x_wconf 90' lang='lat' dir='ltr'>sine</span> <span class='ocrx_word' id='word_1_141' title='bbox 832 1087 921 1116; x_wconf 89' lang='lat' dir='ltr'>dubio</span> <span class='ocrx_word' id='word_1_142' title='bbox 952 1087 1069 1116; x_wconf 82' lang='lat' dir='ltr'>litteras</span> <span class='ocrx_word' id='word_1_143' title='bbox 1099 1088 1248 1124; x_wconf 82' lang='lat' dir='ltr'>singulas,</span> <span class='ocrx_word' id='word_1_144' title='bbox 1269 1090 1356 1124; x_wconf 90' lang='lat' dir='ltr'>prout</span> <span class='ocrx_word' id='word_1_145' title='bbox 1382 1098 1411 1116; x_wconf 87' lang='lat' dir='ltr'>se</span> <span class='ocrx_word' id='word_1_146' title='bbox 1432 1097 1483 1117; x_wconf 88' lang='lat' dir='ltr'>ex-</span> 
     </span>
     <span class='ocr_line' id='line_1_17' title="bbox 281 1130 1482 1177; baseline 0.001 -13"><span class='ocrx_word' id='word_1_147' title='bbox 281 1134 445 1173; x_wconf 88' lang='lat' dir='ltr'>cipiebant,</span> <span class='ocrx_word' id='word_1_148' title='bbox 465 1134 696 1173; x_wconf 79' lang='lat' dir='ltr'>pronuntiabat3</span> <span class='ocrx_word' id='word_1_149' title='bbox 726 1136 829 1165; x_wconf 86' lang='lat' dir='ltr'>contra</span> <span class='ocrx_word' id='word_1_150' title='bbox 855 1135 928 1164; x_wconf 86' lang='lat' dir='ltr'>alibi</span> <span class='ocrx_word' id='word_1_151' title='bbox 949 1135 1065 1177; x_wconf 74' lang='lat' dir='ltr'>saepius</span> <span class='ocrx_word' id='word_1_152' title='bbox 1086 1130 1214 1165; x_wconf 83' lang='lat' dir='ltr'>vocalem</span> <span class='ocrx_word' id='word_1_153' title='bbox 1235 1144 1293 1164; x_wconf 90' lang='lat' dir='ltr'>non</span> <span class='ocrx_word' id='word_1_154' title='bbox 1313 1135 1482 1173; x_wconf 85' lang='lat' dir='ltr'>archetypo,</span> 
     </span>
     <span class='ocr_line' id='line_1_18' title="bbox 280 1183 1486 1220; baseline 0.001 -8"><span class='ocrx_word' id='word_1_155' title='bbox 280 1184 330 1212; x_wconf 88' lang='lat' dir='ltr'>sed</span> <span class='ocrx_word' id='word_1_156' title='bbox 345 1183 380 1218; x_wconf 89' lang='lat' dir='ltr'>ei,</span> <span class='ocrx_word' id='word_1_157' title='bbox 395 1184 446 1220; x_wconf 88' lang='lat' dir='ltr'>qui</span> <span class='ocrx_word' id='word_1_158' title='bbox 463 1183 606 1218; x_wconf 82' lang='lat' dir='ltr'>dictabat,</span> <span class='ocrx_word' id='word_1_159' title='bbox 628 1183 763 1212; x_wconf 89' lang='lat' dir='ltr'>tribuens</span> <span class='ocrx_word' id='word_1_160' title='bbox 784 1183 971 1212; x_wconf 86' lang='lat' dir='ltr'>scribendam</span> <span class='ocrx_word' id='word_1_161' title='bbox 990 1193 1050 1212; x_wconf 93' lang='lat' dir='ltr'>non</span> <span class='ocrx_word' id='word_1_162' title='bbox 1065 1193 1126 1213; x_wconf 86' lang='lat' dir='ltr'>esse</span> <span class='ocrx_word' id='word_1_163' title='bbox 1140 1183 1283 1213; x_wconf 87' lang='lat' dir='ltr'>censebat.</span> <span class='ocrx_word' id='word_1_164' title='bbox 1305 1183 1354 1213; x_wconf 91' lang='lat' dir='ltr'>Ita</span> <span class='ocrx_word' id='word_1_165' title='bbox 1368 1184 1486 1213; x_wconf 84' lang='lat' dir='ltr'>factum-</span> 
     </span>
     <span class='ocr_line' id='line_1_19' title="bbox 278 1231 1480 1267; baseline 0.001 -8"><span class='ocrx_word' id='word_1_166' title='bbox 278 1240 340 1259; x_wconf 90' lang='lat' dir='ltr'>esse</span> <span class='ocrx_word' id='word_1_167' title='bbox 361 1231 488 1265; x_wconf 85' lang='lat' dir='ltr'>videtur,</span> <span class='ocrx_word' id='word_1_168' title='bbox 501 1232 536 1259; x_wconf 92' lang='lat' dir='ltr'>ut</span> <span class='ocrx_word' id='word_1_169' title='bbox 556 1231 586 1258; x_wconf 92' lang='lat' dir='ltr'>in</span> <span class='ocrx_word' id='word_1_170' title='bbox 601 1231 622 1259; x_wconf 85' lang='lat' dir='ltr'>f.</span> <span class='ocrx_word' id='word_1_171' title='bbox 638 1233 705 1259; x_wconf 87' lang='grc'>173*</span> <span class='ocrx_word' id='word_1_172' title='bbox 720 1231 823 1267; x_wconf 91' lang='lat' dir='ltr'>(XLV,</span> <span class='ocrx_word' id='word_1_173' title='bbox 835 1233 881 1266; x_wconf 82' lang='lat'>28,</span> <span class='ocrx_word' id='word_1_174' title='bbox 893 1233 922 1266; x_wconf 79' lang='lat'>2)</span> <span class='ocrx_word' id='word_1_175' title='bbox 937 1231 984 1259; x_wconf 88' lang='lat' dir='ltr'>bis</span> <span class='ocrx_word' id='word_1_176' title='bbox 998 1231 1107 1259; x_wconf 86' lang='lat' dir='ltr'><strong>ARYX</strong></span> <span class='ocrx_word' id='word_1_177' title='bbox 1120 1240 1173 1267; x_wconf 89' lang='lat' dir='ltr'>pro</span> <span class='ocrx_word' id='word_1_178' title='bbox 1187 1231 1270 1260; x_wconf 85' lang='lat' dir='ltr'>ARX</span> <span class='ocrx_word' id='word_1_179' title='bbox 1283 1232 1315 1266; x_wconf 92' lang='lat' dir='ltr'>(l.</span> <span class='ocrx_word' id='word_1_180' title='bbox 1329 1235 1364 1259; x_wconf 80' lang='lat'>26</span> <span class='ocrx_word' id='word_1_181' title='bbox 1379 1233 1408 1259; x_wconf 90' lang='lat' dir='ltr'>et</span> <span class='ocrx_word' id='word_1_182' title='bbox 1423 1233 1480 1266; x_wconf 84' lang='lat'>26),</span> 
     </span>
     <span class='ocr_line' id='line_1_20' title="bbox 273 1277 1506 1315; baseline -0.001 -8"><span class='ocrx_word' id='word_1_183' title='bbox 273 1278 351 1307; x_wconf 87' lang='lat' dir='ltr'>item</span> <span class='ocrx_word' id='word_1_184' title='bbox 373 1277 419 1306; x_wconf 93' lang='lat' dir='ltr'>bis</span> <span class='ocrx_word' id='word_1_185' title='bbox 441 1277 626 1307; x_wconf 82' lang='lat' dir='ltr'>STHAMUS</span> <span class='ocrx_word' id='word_1_186' title='bbox 648 1286 700 1315; x_wconf 88' lang='lat' dir='ltr'>pro</span> <span class='ocrx_word' id='word_1_187' title='bbox 721 1277 895 1307; x_wconf 88' lang='lat' dir='ltr'>ISTHMUS</span> <span class='ocrx_word' id='word_1_188' title='bbox 927 1278 957 1310; x_wconf 91' lang='grc'>(1.</span> <span class='ocrx_word' id='word_1_189' title='bbox 980 1280 1016 1307; x_wconf 82' lang='lat'>25</span> <span class='ocrx_word' id='word_1_190' title='bbox 1037 1279 1067 1307; x_wconf 88' lang='lat' dir='ltr'>et</span> <span class='ocrx_word' id='word_1_191' title='bbox 1088 1280 1151 1315; x_wconf 80' lang='grc'>28);</span> <span class='ocrx_word' id='word_1_192' title='bbox 1184 1279 1214 1307; x_wconf 87' lang='grc'>111</span> <span class='ocrx_word' id='word_1_193' title='bbox 1241 1286 1308 1307; x_wconf 89' lang='lat' dir='ltr'>voce</span> <span class='ocrx_word' id='word_1_194' title='bbox 1329 1278 1424 1315; x_wconf 87' lang='lat' dir='ltr'>priore</span> <span class='ocrx_word' id='word_1_195' title='bbox 1445 1277 1481 1313; x_wconf 89' lang='lat' dir='ltr'>Y,</span> <span class='ocrx_word' id='word_1_196' title='bbox 1502 1289 1506 1296; x_wconf 73' lang='lat'><em>¹</em></span> 
     </span>
     <span class='ocr_line' id='line_1_21' title="bbox 276 1326 1486 1364; baseline -0.001 -9"><span class='ocrx_word' id='word_1_197' title='bbox 276 1327 308 1355; x_wconf 91' lang='lat' dir='ltr'>in</span> <span class='ocrx_word' id='word_1_198' title='bbox 328 1326 492 1364; x_wconf 86' lang='lat' dir='ltr'>posteriore</span> <span class='ocrx_word' id='word_1_199' title='bbox 513 1327 538 1355; x_wconf 78' lang='lat' dir='ltr'>A</span> <span class='ocrx_word' id='word_1_200' title='bbox 559 1326 677 1355; x_wconf 88' lang='lat' dir='ltr'>intrusa</span> <span class='ocrx_word' id='word_1_201' title='bbox 697 1326 901 1364; x_wconf 83' lang='lat' dir='ltr'>pronuntiatis</span> <span class='ocrx_word' id='word_1_202' title='bbox 921 1335 972 1364; x_wconf 87' lang='lat' dir='ltr'>per</span> <span class='ocrx_word' id='word_1_203' title='bbox 992 1335 1023 1355; x_wconf 89' lang='lat' dir='ltr'>se</span> <span class='ocrx_word' id='word_1_204' title='bbox 1043 1326 1177 1355; x_wconf 90' lang='lat' dir='ltr'>consonis</span> <span class='ocrx_word' id='word_1_205' title='bbox 1197 1326 1224 1355; x_wconf 93' lang='lat' dir='ltr'><strong>X</strong></span> <span class='ocrx_word' id='word_1_206' title='bbox 1245 1328 1274 1355; x_wconf 86' lang='lat' dir='ltr'>et</span> <span class='ocrx_word' id='word_1_207' title='bbox 1294 1326 1332 1362; x_wconf 86' lang='lat' dir='ltr'>H,</span> <span class='ocrx_word' id='word_1_208' title='bbox 1354 1326 1486 1363; x_wconf 88' lang='lat' dir='ltr'>denique·</span> 
     </span>
     <span class='ocr_line' id='line_1_22' title="bbox 239 1373 1479 1411; baseline -0.001 -9"><span class='ocrx_word' id='word_1_209' title='bbox 239 1379 244 1384; x_wconf 83' lang='lat'><strong><em>‘</em></strong></span> <span class='ocrx_word' id='word_1_210' title='bbox 275 1375 308 1402; x_wconf 90' lang='grc'>111</span> <span class='ocrx_word' id='word_1_211' title='bbox 322 1374 482 1410; x_wconf 85' lang='lat' dir='ltr'>posteriore</span> <span class='ocrx_word' id='word_1_212' title='bbox 501 1374 613 1402; x_wconf 90' lang='lat' dir='ltr'>vocalis</span> <span class='ocrx_word' id='word_1_213' title='bbox 633 1374 648 1402; x_wconf 94' lang='lat'>1</span> <span class='ocrx_word' id='word_1_214' title='bbox 669 1374 779 1402; x_wconf 85' lang='lat' dir='ltr'>omissa</span> <span class='ocrx_word' id='word_1_215' title='bbox 799 1374 1035 1404; x_wconf 84' lang='lat' dir='ltr'>simili.debetur</span> <span class='ocrx_word' id='word_1_216' title='bbox 1055 1374 1147 1403; x_wconf 88' lang='lat' dir='ltr'>errori</span> <span class='ocrx_word' id='word_1_217' title='bbox 1170 1374 1306 1408; x_wconf 71' lang='lat' dir='ltr'>librarii,</span> <span class='ocrx_word' id='word_1_218' title='bbox 1338 1373 1388 1411; x_wconf 91' lang='lat' dir='ltr'>qui</span> <span class='ocrx_word' id='word_1_219' title='bbox 1418 1382 1479 1402; x_wconf 88' lang='lat' dir='ltr'>non</span> 
     </span>
     <span class='ocr_line' id='line_1_23' title="bbox 276 1421 1479 1460; baseline -0.001 -10"><span class='ocrx_word' id='word_1_220' title='bbox 276 1422 310 1451; x_wconf 89' lang='lat' dir='ltr'>de</span> <span class='ocrx_word' id='word_1_221' title='bbox 332 1422 448 1459; x_wconf 80' lang='lat' dir='ltr'>syllaba</span> <span class='ocrx_word' id='word_1_222' title='bbox 468 1421 513 1457; x_wconf 88' lang='lat' dir='ltr'>IS,</span> <span class='ocrx_word' id='word_1_223' title='bbox 534 1421 584 1450; x_wconf 88' lang='lat' dir='ltr'>sed</span> <span class='ocrx_word' id='word_1_224' title='bbox 605 1421 640 1450; x_wconf 91' lang='lat' dir='ltr'>de</span> <span class='ocrx_word' id='word_1_225' title='bbox 661 1431 739 1451; x_wconf 84' lang='lat' dir='ltr'>mera</span> <span class='ocrx_word' id='word_1_226' title='bbox 759 1430 886 1451; x_wconf 85' lang='lat' dir='ltr'>consona</span> <span class='ocrx_word' id='word_1_227' title='bbox 907 1422 926 1450; x_wconf 87' lang='lat' dir='ltr'>S</span> <span class='ocrx_word' id='word_1_228' title='bbox 946 1431 998 1459; x_wconf 89' lang='lat' dir='ltr'>per</span> <span class='ocrx_word' id='word_1_229' title='bbox 1018 1431 1048 1451; x_wconf 91' lang='lat' dir='ltr'>se</span> <span class='ocrx_word' id='word_1_230' title='bbox 1068 1422 1264 1460; x_wconf 87' lang='lat' dir='ltr'>pronuntiata</span> <span class='ocrx_word' id='word_1_231' title='bbox 1285 1421 1479 1458; x_wconf 85' lang='lat' dir='ltr'>cogitandum</span> 
     </span>
     <span class='ocr_line' id='line_1_24' title="bbox 275 1468 1483 1507; baseline -0.002 -9"><span class='ocrx_word' id='word_1_232' title='bbox 275 1478 337 1498; x_wconf 85' lang='grc'>0550</span> <span class='ocrx_word' id='word_1_233' title='bbox 357 1469 515 1506; x_wconf 86' lang='lat' dir='ltr'>putaverit.</span> <span class='ocrx_word' id='word_1_234' title='bbox 547 1469 748 1499; x_wconf 89' lang='lat' dir='ltr'>Confirmatur</span> <span class='ocrx_word' id='word_1_235' title='bbox 768 1470 841 1499; x_wconf 87' lang='lat' dir='ltr'>haec</span> <span class='ocrx_word' id='word_1_236' title='bbox 861 1471 1009 1499; x_wconf 88' lang='lat' dir='ltr'>sententia</span> <span class='ocrx_word' id='word_1_237' title='bbox 1023 1470 1222 1507; x_wconf 89' lang='lat' dir='ltr'>compluribus</span> <span class='ocrx_word' id='word_1_238' title='bbox 1237 1468 1483 1503; x_wconf 79' lang='lat' dir='ltr'>correctionibus,</span> 
     </span>
     <span class='ocr_line' id='line_1_25' title="bbox 275 1516 1479 1555; baseline -0.002 -9"><span class='ocrx_word' id='word_1_239' title='bbox 275 1526 400 1555; x_wconf 85' lang='lat' dir='ltr'>quarum</span> <span class='ocrx_word' id='word_1_240' title='bbox 431 1517 503 1546; x_wconf 90' lang='lat' dir='ltr'>duas</span> <span class='ocrx_word' id='word_1_241' title='bbox 534 1517 676 1547; x_wconf 90' lang='lat' dir='ltr'>adferam.</span> <span class='ocrx_word' id='word_1_242' title='bbox 718 1517 753 1547; x_wconf 89' lang='lat' dir='ltr'>In</span> <span class='ocrx_word' id='word_1_243' title='bbox 784 1517 805 1546; x_wconf 87' lang='lat' dir='ltr'>f.</span> <span class='ocrx_word' id='word_1_244' title='bbox 839 1520 906 1547; x_wconf 87' lang='grc'>147*</span> <span class='ocrx_word' id='word_1_245' title='bbox 936 1518 955 1547; x_wconf 93' lang='lat'>1.</span> <span class='ocrx_word' id='word_1_246' title='bbox 984 1520 1098 1547; x_wconf 79' lang='lat'><strong>24—26</strong></span> <span class='ocrx_word' id='word_1_247' title='bbox 1129 1517 1230 1554; x_wconf 89' lang='lat' dir='ltr'>(XLV,</span> <span class='ocrx_word' id='word_1_248' title='bbox 1253 1520 1282 1553; x_wconf 92' lang='lat' dir='ltr'>l,</span> <span class='ocrx_word' id='word_1_249' title='bbox 1304 1519 1333 1553; x_wconf 83' lang='grc'>6)</span> <span class='ocrx_word' id='word_1_250' title='bbox 1367 1516 1479 1553; x_wconf 77' lang='lat' dir='ltr'>legitur</span> 
     </span>
     <span class='ocr_line' id='line_1_26' title="bbox 273 1558 1478 1603; baseline -0.002 -9"><span class='ocrx_word' id='word_1_251' title='bbox 273 1558 681 1603; x_wconf 69' lang='lat' dir='ltr'>ADYx-K·{OCTOBRIUM</span> <span class='ocrx_word' id='word_1_252' title='bbox 710 1566 729 1595; x_wconf 92' lang='lat' dir='ltr'>i.</span> <span class='ocrx_word' id='word_1_253' title='bbox 757 1574 780 1597; x_wconf 88' lang='lat' dir='ltr'>e.</span> <span class='ocrx_word' id='word_1_254' title='bbox 811 1569 881 1596; x_wconf 78' lang='lat' dir='ltr'>ante</span> <span class='ocrx_word' id='word_1_255' title='bbox 909 1566 987 1596; x_wconf 84' lang='lat' dir='ltr'>diem</span> <span class='ocrx_word' id='word_1_256' title='bbox 1015 1566 1056 1596; x_wconf 88' lang='lat' dir='ltr'>X.</span> <span class='ocrx_word' id='word_1_257' title='bbox 1077 1566 1138 1596; x_wconf 82' lang='lat' dir='ltr'>kal.</span> <span class='ocrx_word' id='word_1_258' title='bbox 1164 1566 1320 1602; x_wconf 76' lang='lat' dir='ltr'>Octobres;</span> <span class='ocrx_word' id='word_1_259' title='bbox 1352 1566 1400 1594; x_wconf 84' lang='lat' dir='ltr'>vix</span> <span class='ocrx_word' id='word_1_260' title='bbox 1432 1566 1478 1593; x_wconf 88' lang='lat' dir='ltr'>est</span> 
     </span>
     <span class='ocr_line' id='line_1_27' title="bbox 273 1613 1477 1650; baseline -0.002 -8"><span class='ocrx_word' id='word_1_261' title='bbox 273 1614 351 1650; x_wconf 88' lang='lat' dir='ltr'>quod</span> <span class='ocrx_word' id='word_1_262' title='bbox 371 1621 564 1642; x_wconf 88' lang='lat' dir='ltr'>memoremus</span> <span class='ocrx_word' id='word_1_263' title='bbox 585 1623 652 1642; x_wconf 87' lang='lat' dir='ltr'>eum</span> <span class='ocrx_word' id='word_1_264' title='bbox 672 1614 724 1650; x_wconf 88' lang='lat' dir='ltr'>qui</span> <span class='ocrx_word' id='word_1_265' title='bbox 745 1614 879 1643; x_wconf 83' lang='lat' dir='ltr'>dictabat</span> <span class='ocrx_word' id='word_1_266' title='bbox 892 1623 951 1643; x_wconf 88' lang='lat' dir='ltr'>non</span> <span class='ocrx_word' id='word_1_267' title='bbox 965 1623 1064 1643; x_wconf 90' lang='lat' dir='ltr'>vocem</span> <span class='ocrx_word' id='word_1_268' title='bbox 1080 1613 1265 1650; x_wconf 80' lang='lat' dir='ltr'>(decimum),</span> <span class='ocrx_word' id='word_1_269' title='bbox 1279 1613 1330 1642; x_wconf 85' lang='lat' dir='ltr'>sed</span> <span class='ocrx_word' id='word_1_270' title='bbox 1344 1613 1477 1642; x_wconf 85' lang='lat' dir='ltr'>litteram</span> 
     </span>
     <span class='ocr_line' id='line_1_28' title="bbox 272 1660 1477 1698; baseline -0.001 -9"><span class='ocrx_word' id='word_1_271' title='bbox 272 1660 299 1689; x_wconf 92' lang='lat' dir='ltr'>X</span> <span class='ocrx_word' id='word_1_272' title='bbox 320 1660 424 1689; x_wconf 87' lang='lat' dir='ltr'>addita</span> <span class='ocrx_word' id='word_1_273' title='bbox 445 1660 542 1690; x_wconf 79' lang='lat' dir='ltr'>vocali</span> <span class='ocrx_word' id='word_1_274' title='bbox 562 1661 586 1689; x_wconf 91' lang='lat' dir='ltr'>Y</span> <span class='ocrx_word' id='word_1_275' title='bbox 607 1660 685 1698; x_wconf 85' lang='lat' dir='ltr'>(YX)</span> <span class='ocrx_word' id='word_1_276' title='bbox 713 1661 935 1698; x_wconf 76' lang='lat' dir='ltr'>pronuntiasse,</span> <span class='ocrx_word' id='word_1_277' title='bbox 966 1661 1043 1690; x_wconf 88' lang='lat' dir='ltr'>unde</span> <span class='ocrx_word' id='word_1_278' title='bbox 1073 1669 1153 1689; x_wconf 85' lang='lat' dir='ltr'>error</span> <span class='ocrx_word' id='word_1_279' title='bbox 1179 1662 1282 1698; x_wconf 86' lang='lat' dir='ltr'>postea</span> <span class='ocrx_word' id='word_1_280' title='bbox 1303 1660 1477 1689; x_wconf 86' lang='lat' dir='ltr'>emendatus</span> 
     </span>
     <span class='ocr_line' id='line_1_29' title="bbox 271 1707 1478 1747; baseline -0.002 -9"><span class='ocrx_word' id='word_1_281' title='bbox 271 1709 444 1747; x_wconf 82' lang='lat' dir='ltr'>explicatur.</span> <span class='ocrx_word' id='word_1_282' title='bbox 484 1708 625 1738; x_wconf 84' lang='lat' dir='ltr'>Eiusdem</span> <span class='ocrx_word' id='word_1_283' title='bbox 645 1709 761 1746; x_wconf 86' lang='lat' dir='ltr'>generis</span> <span class='ocrx_word' id='word_1_284' title='bbox 789 1711 821 1737; x_wconf 83' lang='lat' dir='ltr'>ln</span> <span class='ocrx_word' id='word_1_285' title='bbox 842 1708 865 1738; x_wconf 86' lang='lat' dir='ltr'>f.</span> <span class='ocrx_word' id='word_1_286' title='bbox 886 1711 936 1737; x_wconf 80' lang='grc'>64*</span> <span class='ocrx_word' id='word_1_287' title='bbox 963 1708 983 1738; x_wconf 89' lang='grc'>1.</span> <span class='ocrx_word' id='word_1_288' title='bbox 1006 1711 1118 1738; x_wconf 81' lang='lat'>21—22</span> <span class='ocrx_word' id='word_1_289' title='bbox 1150 1708 1302 1737; x_wconf 85' lang='lat' dir='ltr'>invenitur</span> <span class='ocrx_word' id='word_1_290' title='bbox 1335 1707 1478 1737; x_wconf 85' lang='lat' dir='ltr'>mendum</span> 
     </span>
     <span class='ocr_line' id='line_1_30' title="bbox 270 1748 1477 1794; baseline -0.001 -9"><span class='ocrx_word' id='word_1_291' title='bbox 270 1758 435 1786; x_wconf 87' lang='lat' dir='ltr'>correctum</span> <span class='ocrx_word' id='word_1_292' title='bbox 458 1748 771 1794; x_wconf 67' lang='lat' dir='ltr'>DEiTnRONIBUS.</span> <span class='ocrx_word' id='word_1_293' title='bbox 801 1756 909 1786; x_wconf 89' lang='lat' dir='ltr'>Vocem</span> <span class='ocrx_word' id='word_1_294' title='bbox 929 1756 1150 1786; x_wconf 82' lang='lat' dir='ltr'>inusitatiorem</span> <span class='ocrx_word' id='word_1_295' title='bbox 1171 1755 1385 1786; x_wconf 82' lang='lat' dir='ltr'>TIRONIBUS</span> <span class='ocrx_word' id='word_1_296' title='bbox 1408 1764 1477 1784; x_wconf 90' lang='lat' dir='ltr'>cum</span> 
     </span>
     <span class='ocr_line' id='line_1_31' title="bbox 269 1802 1472 1842; baseline -0.002 -9"><span class='ocrx_word' id='word_1_297' title='bbox 269 1813 329 1833; x_wconf 92' lang='lat' dir='ltr'>non</span> <span class='ocrx_word' id='word_1_298' title='bbox 360 1804 480 1834; x_wconf 87' lang='lat' dir='ltr'>calleret</span> <span class='ocrx_word' id='word_1_299' title='bbox 510 1804 562 1842; x_wconf 89' lang='lat' dir='ltr'>qui</span> <span class='ocrx_word' id='word_1_300' title='bbox 593 1803 742 1838; x_wconf 79' lang='lat' dir='ltr'>dictabat,</span> <span class='ocrx_word' id='word_1_301' title='bbox 773 1804 894 1833; x_wconf 85' lang='lat' dir='ltr'>litteras</span> <span class='ocrx_word' id='word_1_302' title='bbox 926 1804 1106 1841; x_wconf 87' lang='lat' dir='ltr'>singillatim</span> <span class='ocrx_word' id='word_1_303' title='bbox 1137 1803 1349 1840; x_wconf 85' lang='lat' dir='ltr'>pronuntiabat</span> <span class='ocrx_word' id='word_1_304' title='bbox 1376 1802 1472 1837; x_wconf 70' lang='lat' dir='ltr'>T—13</span> 
     </span>
     <span class='ocr_line' id='line_1_32' title="bbox 269 1850 1476 1890; baseline -0.003 -8"><span class='ocrx_word' id='word_1_305' title='bbox 269 1852 345 1882; x_wconf 88' lang='lat' dir='ltr'>unde</span> <span class='ocrx_word' id='word_1_306' title='bbox 366 1852 479 1882; x_wconf 87' lang='lat' dir='ltr'>factum</span> <span class='ocrx_word' id='word_1_307' title='bbox 500 1853 554 1889; x_wconf 86' lang='lat' dir='ltr'>est,</span> <span class='ocrx_word' id='word_1_308' title='bbox 576 1853 611 1881; x_wconf 89' lang='lat' dir='ltr'>ut</span> <span class='ocrx_word' id='word_1_309' title='bbox 631 1851 773 1881; x_wconf 87' lang='lat' dir='ltr'>librarius</span> <span class='ocrx_word' id='word_1_310' title='bbox 794 1851 935 1890; x_wconf 85' lang='lat' dir='ltr'>deeeptus</span> <span class='ocrx_word' id='word_1_311' title='bbox 955 1851 1095 1881; x_wconf 79' lang='lat' dir='ltr'>scriberet</span> <span class='ocrx_word' id='word_1_312' title='bbox 1121 1851 1236 1880; x_wconf 88' lang='lat' dir='ltr'>DE-I.</span> <span class='ocrx_word' id='word_1_313' title='bbox 1278 1850 1386 1879; x_wconf 87' lang='lat' dir='ltr'>Verum</span> <span class='ocrx_word' id='word_1_314' title='bbox 1407 1858 1476 1879; x_wconf 80' lang='lat' dir='ltr'>mox</span> 
     </span>
     <span class='ocr_line' id='line_1_33' title="bbox 268 1898 1474 1937; baseline -0.003 -7"><span class='ocrx_word' id='word_1_315' title='bbox 268 1901 349 1930; x_wconf 84' lang='lat' dir='ltr'>inter</span> <span class='ocrx_word' id='word_1_316' title='bbox 368 1902 529 1937; x_wconf 87' lang='lat' dir='ltr'>utrumque</span> <span class='ocrx_word' id='word_1_317' title='bbox 549 1900 585 1929; x_wconf 90' lang='lat' dir='ltr'>de</span> <span class='ocrx_word' id='word_1_318' title='bbox 616 1909 714 1929; x_wconf 85' lang='lat' dir='ltr'>errore</span> <span class='ocrx_word' id='word_1_319' title='bbox 745 1909 777 1929; x_wconf 91' lang='lat' dir='ltr'>co</span> <span class='ocrx_word' id='word_1_320' title='bbox 811 1900 903 1929; x_wconf 87' lang='lat' dir='ltr'>misso</span> <span class='ocrx_word' id='word_1_321' title='bbox 923 1900 1095 1929; x_wconf 84' lang='lat' dir='ltr'>convenisse</span> <span class='ocrx_word' id='word_1_322' title='bbox 1126 1900 1259 1936; x_wconf 78' lang='lat' dir='ltr'>videtur3</span> <span class='ocrx_word' id='word_1_323' title='bbox 1294 1898 1394 1936; x_wconf 85' lang='lat' dir='ltr'>itaque</span> <span class='ocrx_word' id='word_1_324' title='bbox 1421 1898 1474 1927; x_wconf 90' lang='lat' dir='ltr'>lit-</span> 
     </span>
     <span class='ocr_line' id='line_1_34' title="bbox 268 1945 1472 1984; baseline -0.002 -7"><span class='ocrx_word' id='word_1_325' title='bbox 268 1950 346 1977; x_wconf 84' lang='lat' dir='ltr'>teras</span> <span class='ocrx_word' id='word_1_326' title='bbox 379 1948 440 1977; x_wconf 89' lang='lat' dir='ltr'>iam</span> <span class='ocrx_word' id='word_1_327' title='bbox 474 1950 607 1977; x_wconf 85' lang='lat' dir='ltr'>exaratas</span> <span class='ocrx_word' id='word_1_328' title='bbox 641 1947 746 1976; x_wconf 91' lang='lat' dir='ltr'>delend</span> <span class='ocrx_word' id='word_1_329' title='bbox 813 1956 874 1977; x_wconf 85' lang='lat' dir='ltr'>esse</span> <span class='ocrx_word' id='word_1_330' title='bbox 904 1947 1024 1984; x_wconf 85' lang='lat' dir='ltr'>punctis</span> <span class='ocrx_word' id='word_1_331' title='bbox 1060 1956 1148 1983; x_wconf 85' lang='lat' dir='ltr'>supra</span> <span class='ocrx_word' id='word_1_332' title='bbox 1178 1947 1283 1984; x_wconf 87' lang='lat' dir='ltr'>positis</span> <span class='ocrx_word' id='word_1_333' title='bbox 1317 1945 1472 1975; x_wconf 87' lang='lat' dir='ltr'>indicavit.</span> 
     </span>
     <span class='ocr_line' id='line_1_35' title="bbox 268 1994 1470 2031; baseline -0.002 -7"><span class='ocrx_word' id='word_1_334' title='bbox 268 1995 383 2024; x_wconf 86' lang='lat' dir='ltr'>Similis</span> <span class='ocrx_word' id='word_1_335' title='bbox 414 2004 509 2031; x_wconf 89' lang='lat' dir='ltr'>error,</span> <span class='ocrx_word' id='word_1_336' title='bbox 544 1995 595 2024; x_wconf 89' lang='lat' dir='ltr'>sed</span> <span class='ocrx_word' id='word_1_337' title='bbox 625 2004 642 2023; x_wconf 88' lang='lat' dir='ltr'>a</span> <span class='ocrx_word' id='word_1_338' title='bbox 673 1994 795 2024; x_wconf 86' lang='lat' dir='ltr'>librario</span> <span class='ocrx_word' id='word_1_339' title='bbox 826 2003 887 2024; x_wconf 90' lang='lat' dir='ltr'>non</span> <span class='ocrx_word' id='word_1_340' title='bbox 918 1996 1067 2024; x_wconf 86' lang='lat' dir='ltr'>correctus</span> <span class='ocrx_word' id='word_1_341' title='bbox 1094 1994 1245 2023; x_wconf 91' lang='lat' dir='ltr'>invenitur</span> <span class='ocrx_word' id='word_1_342' title='bbox 1266 1994 1299 2022; x_wconf 89' lang='lat' dir='ltr'>in</span> <span class='ocrx_word' id='word_1_343' title='bbox 1319 1994 1340 2023; x_wconf 87' lang='lat' dir='ltr'>f.</span> <span class='ocrx_word' id='word_1_344' title='bbox 1365 1996 1432 2022; x_wconf 86' lang='grc'>159*</span> <span class='ocrx_word' id='word_1_345' title='bbox 1457 1997 1470 2022; x_wconf 87' lang='grc'>1</span> 
     </span>
     <span class='ocr_line' id='line_1_36' title="bbox 269 2042 1473 2080; baseline -0.002 -6"><span class='ocrx_word' id='word_1_346' title='bbox 269 2042 369 2079; x_wconf 84' lang='lat' dir='ltr'>(XLV,</span> <span class='ocrx_word' id='word_1_347' title='bbox 392 2046 435 2078; x_wconf 78' lang='lat'>14,</span> <span class='ocrx_word' id='word_1_348' title='bbox 457 2045 487 2077; x_wconf 79' lang='grc'>3)</span> <span class='ocrx_word' id='word_1_349' title='bbox 509 2043 614 2073; x_wconf 87' lang='lat' dir='ltr'>DEIIS</span> <span class='ocrx_word' id='word_1_350' title='bbox 634 2055 672 2069; x_wconf 90' lang='lat'><strong><em>=</em></strong></span> <span class='ocrx_word' id='word_1_351' title='bbox 692 2042 783 2075; x_wconf 84' lang='lat' dir='ltr'><strong>DIIS.</strong></span> <span class='ocrx_word' id='word_1_352' title='bbox 802 2060 831 2064; x_wconf 88' lang='lat'>—</span> <span class='ocrx_word' id='word_1_353' title='bbox 848 2042 984 2073; x_wconf 87' lang='lat' dir='ltr'>Ceterum</span> <span class='ocrx_word' id='word_1_354' title='bbox 1011 2042 1036 2071; x_wconf 87' lang='lat' dir='ltr'>si</span> <span class='ocrx_word' id='word_1_355' title='bbox 1056 2042 1122 2080; x_wconf 91' lang='lat' dir='ltr'>quis</span> <span class='ocrx_word' id='word_1_356' title='bbox 1143 2042 1320 2080; x_wconf 87' lang='lat' dir='ltr'>scripturam</span> <span class='ocrx_word' id='word_1_357' title='bbox 1340 2050 1419 2080; x_wconf 72' lang='lat' dir='ltr'>aryae</span> <span class='ocrx_word' id='word_1_358' title='bbox 1439 2050 1473 2071; x_wconf 81' lang='lat' dir='ltr'>ex</span> 
     </span>
     <span class='ocr_line' id='line_1_37' title="bbox 267 2090 1473 2131; baseline -0.002 -10"><span class='ocrx_word' id='word_1_359' title='bbox 267 2093 387 2131; x_wconf 82' lang='lat' dir='ltr'>linguae</span> <span class='ocrx_word' id='word_1_360' title='bbox 408 2092 539 2121; x_wconf 86' lang='lat' dir='ltr'>Celticae</span> <span class='ocrx_word' id='word_1_361' title='bbox 564 2091 663 2121; x_wconf 90' lang='lat' dir='ltr'>indole</span> <span class='ocrx_word' id='word_1_362' title='bbox 689 2091 833 2128; x_wconf 84' lang='lat' dir='ltr'>explicare</span> <span class='ocrx_word' id='word_1_363' title='bbox 858 2090 948 2120; x_wconf 89' lang='lat' dir='ltr'>malit</span> <span class='ocrx_word' id='word_1_364' title='bbox 969 2107 1006 2112; x_wconf 93' lang='lat'><strong>—</strong></span> <span class='ocrx_word' id='word_1_365' title='bbox 1026 2099 1096 2119; x_wconf 90' lang='lat' dir='ltr'>nam</span> <span class='ocrx_word' id='word_1_366' title='bbox 1124 2090 1266 2119; x_wconf 84' lang='lat' dir='ltr'>insertam</span> <span class='ocrx_word' id='word_1_367' title='bbox 1287 2099 1350 2119; x_wconf 86' lang='lat' dir='ltr'>esse</span> <span class='ocrx_word' id='word_1_368' title='bbox 1369 2099 1387 2119; x_wconf 90' lang='lat' dir='ltr'>a</span> <span class='ocrx_word' id='word_1_369' title='bbox 1407 2090 1473 2120; x_wconf 89' lang='lat' dir='ltr'>Cel-</span> 
     </span>
     <span class='ocr_line' id='line_1_38' title="bbox 265 2138 1472 2177; baseline -0.003 -7"><span class='ocrx_word' id='word_1_370' title='bbox 265 2141 334 2170; x_wconf 90' lang='lat' dir='ltr'>ticis</span> <span class='ocrx_word' id='word_1_371' title='bbox 355 2140 486 2169; x_wconf 85' lang='lat' dir='ltr'>vocalem</span> <span class='ocrx_word' id='word_1_372' title='bbox 506 2149 534 2177; x_wconf 89' lang='lat' dir='ltr'>y,</span> <span class='ocrx_word' id='word_1_373' title='bbox 555 2139 607 2168; x_wconf 91' lang='lat' dir='ltr'>ubi</span> <span class='ocrx_word' id='word_1_374' title='bbox 628 2139 702 2169; x_wconf 88' lang='lat' dir='ltr'>duae</span> <span class='ocrx_word' id='word_1_375' title='bbox 723 2138 904 2169; x_wconf 87' lang='lat' dir='ltr'>conliderent</span> <span class='ocrx_word' id='word_1_376' title='bbox 924 2140 1134 2173; x_wconf 88' lang='lat' dir='ltr'>consonantes,</span> <span class='ocrx_word' id='word_1_377' title='bbox 1156 2138 1276 2175; x_wconf 76' lang='lat' dir='ltr'>leityr</span> <span class='ocrx_word' id='word_1_378' title='bbox 1297 2138 1398 2174; x_wconf 83' lang='lat' dir='ltr'>(latro)</span> <span class='ocrx_word' id='word_1_379' title='bbox 1419 2146 1472 2175; x_wconf 89' lang='lat' dir='ltr'>pro</span> 
     </span>
     <span class='ocr_line' id='line_1_39' title="bbox 266 2185 1471 2225; baseline -0.003 -7"><span class='ocrx_word' id='word_1_380' title='bbox 266 2189 365 2223; x_wconf 79' lang='lat' dir='ltr'>lleidr,</span> <span class='ocrx_word' id='word_1_381' title='bbox 397 2187 599 2225; x_wconf 76' lang='lat' dir='ltr'>ffenestyr</span> <span class='ocrx_word' id='word_1_382' title='bbox 625 2188 788 2224; x_wconf 78' lang='lat' dir='ltr'>(fenestra)</span> <span class='ocrx_word' id='word_1_383' title='bbox 811 2196 863 2224; x_wconf 92' lang='lat' dir='ltr'>pro</span> <span class='ocrx_word' id='word_1_384' title='bbox 882 2187 1013 2223; x_wconf 77' lang='lat' dir='ltr'>ffenestr,</span> <span class='ocrx_word' id='word_1_385' title='bbox 1036 2186 1152 2224; x_wconf 81' lang='lat' dir='ltr'>baryf&#39;</span> <span class='ocrx_word' id='word_1_386' title='bbox 1174 2186 1289 2222; x_wconf 79' lang='lat' dir='ltr'>(barba)</span> <span class='ocrx_word' id='word_1_387' title='bbox 1318 2194 1372 2222; x_wconf 88' lang='lat' dir='ltr'>pro</span> <span class='ocrx_word' id='word_1_388' title='bbox 1394 2185 1471 2221; x_wconf 65' lang='lat' dir='ltr'>bars}</span> 
     </span>
     <span class='ocr_line' id='line_1_40' title="bbox 265 2233 1470 2273; baseline -0.002 -8"><span class='ocrx_word' id='word_1_389' title='bbox 265 2245 366 2265; x_wconf 88' lang='lat' dir='ltr'>verum</span> <span class='ocrx_word' id='word_1_390' title='bbox 386 2236 432 2264; x_wconf 87' lang='lat' dir='ltr'>ita</span> <span class='ocrx_word' id='word_1_391' title='bbox 442 2236 677 2273; x_wconf 84' lang='lat' dir='ltr'>pronuntiatam,</span> <span class='ocrx_word' id='word_1_392' title='bbox 698 2237 733 2264; x_wconf 91' lang='lat' dir='ltr'>ut</span> <span class='ocrx_word' id='word_1_393' title='bbox 754 2235 885 2272; x_wconf 81' lang='lat' dir='ltr'>syllabae</span> <span class='ocrx_word' id='word_1_394' title='bbox 900 2244 1067 2264; x_wconf 83' lang='lat' dir='ltr'>mensnram</span> <span class='ocrx_word' id='word_1_395' title='bbox 1080 2244 1138 2264; x_wconf 91' lang='lat' dir='ltr'>non</span> <span class='ocrx_word' id='word_1_396' title='bbox 1153 2235 1294 2271; x_wconf 84' lang='lat' dir='ltr'>aequaret</span> <span class='ocrx_word' id='word_1_397' title='bbox 1309 2233 1356 2269; x_wconf 86' lang='lat' dir='ltr'>(cf.</span> <span class='ocrx_word' id='word_1_398' title='bbox 1370 2233 1470 2270; x_wconf 89' lang='lat' dir='ltr'>Zeuss,</span> 
     </span>
     <span class='ocr_line' id='line_1_41' title="bbox 268 2282 1470 2320; baseline -0.002 -8"><span class='ocrx_word' id='word_1_399' title='bbox 268 2283 435 2313; x_wconf 78' lang='lat' dir='ltr'>Grammat.</span> <span class='ocrx_word' id='word_1_400' title='bbox 458 2283 531 2312; x_wconf 81' lang='lat' dir='ltr'>Celt.</span> <span class='ocrx_word' id='word_1_401' title='bbox 553 2282 597 2311; x_wconf 89' lang='lat' dir='ltr'>ed.</span> <span class='ocrx_word' id='word_1_402' title='bbox 621 2283 704 2311; x_wconf 88' lang='lat' dir='ltr'>Ebel.</span> <span class='ocrx_word' id='word_1_403' title='bbox 724 2292 752 2320; x_wconf 91' lang='lat' dir='ltr'>p.</span> <span class='ocrx_word' id='word_1_404' title='bbox 776 2284 842 2317; x_wconf 88' lang='grc'>167)</span> <span class='ocrx_word' id='word_1_405' title='bbox 873 2282 1074 2311; x_wconf 75' lang='lat' dir='ltr'>Hal-telius</span> <span class='ocrx_word' id='word_1_406' title='bbox 1105 2291 1151 2311; x_wconf 90' lang='lat' dir='ltr'>me</span> <span class='ocrx_word' id='word_1_407' title='bbox 1181 2282 1298 2310; x_wconf 89' lang='lat' dir='ltr'>monuit</span> <span class='ocrx_word' id='word_1_408' title='bbox 1318 2296 1354 2301; x_wconf 92' lang='lat'>—</span> <span class='ocrx_word' id='word_1_409' title='bbox 1374 2290 1470 2310; x_wconf 87' lang='lat' dir='ltr'>meam</span> 
     </span>
     <span class='ocr_line' id='line_1_42' title="bbox 264 2328 1470 2367; baseline -0.002 -7"><span class='ocrx_word' id='word_1_410' title='bbox 264 2331 299 2360; x_wconf 87' lang='lat' dir='ltr'>de</span> <span class='ocrx_word' id='word_1_411' title='bbox 320 2331 419 2360; x_wconf 87' lang='lat' dir='ltr'>codice</span> <span class='ocrx_word' id='word_1_412' title='bbox 439 2331 553 2360; x_wconf 89' lang='lat' dir='ltr'>dictato</span> <span class='ocrx_word' id='word_1_413' title='bbox 575 2339 664 2367; x_wconf 82' lang='lat' dir='ltr'>quam</span> <span class='ocrx_word' id='word_1_414' title='bbox 685 2330 797 2367; x_wconf 89' lang='lat' dir='ltr'>protuli</span> <span class='ocrx_word' id='word_1_415' title='bbox 817 2330 1001 2359; x_wconf 84' lang='lat' dir='ltr'>sententiam</span> <span class='ocrx_word' id='word_1_416' title='bbox 1022 2329 1119 2359; x_wconf 88' lang='lat' dir='ltr'>nihilo</span> <span class='ocrx_word' id='word_1_417' title='bbox 1139 2329 1239 2358; x_wconf 89' lang='lat' dir='ltr'>minus</span> <span class='ocrx_word' id='word_1_418' title='bbox 1253 2328 1470 2367; x_wconf 80' lang='lat' dir='ltr'>gravissimum</span> 
     </span>
    </p>
   </div>
   <div class='ocr_carea' id='block_1_4' title="bbox 264 2377 981 2415">
    <p class='ocr_par' dir='ltr' id='par_1_4' title="bbox 264 2377 981 2415">
     <span class='ocr_line' id='line_1_43' title="bbox 264 2377 981 2415; baseline 0 -8"><span class='ocrx_word' id='word_1_419' title='bbox 264 2377 333 2407; x_wconf 87' lang='lat' dir='ltr'>inde</span> <span class='ocrx_word' id='word_1_420' title='bbox 353 2379 487 2408; x_wconf 88' lang='lat' dir='ltr'>nancisci</span> <span class='ocrx_word' id='word_1_421' title='bbox 508 2380 721 2415; x_wconf 87' lang='lat' dir='ltr'>argumentum</span> <span class='ocrx_word' id='word_1_422' title='bbox 741 2386 827 2407; x_wconf 90' lang='lat' dir='ltr'>nemo</span> <span class='ocrx_word' id='word_1_423' title='bbox 848 2378 981 2415; x_wconf 84' lang='lat' dir='ltr'>negabit.</span> 
     </span>
    </p>
   </div>
  </div>
 </body>
</html>
