1721 2727
734 151 994 186 -118—

262 253 409 288 relicum
433 256 568 297 tempus
594 253 736 287 aestatis
746 252 769 292 ¹)
799 253 836 286 ln
868 252 988 287 animo
1020 252 1173 288 habebat.
1224 254 1288 289 Sed
1326 263 1461 294 vereor,

261 320 304 344 ne
343 310 428 346 haec
460 311 562 345 lectio
595 309 770 344 reicienda
807 310 870 352 sit,
910 319 989 344 cum
1027 311 1132 345 verba
1167 310 1345 345 extrahere
1381 309 1463 345 reli-

260 378 340 402 cum
372 367 515 402 aestatis
551 377 615 402 nee
646 376 762 401 rerum
799 376 863 401 nec
895 366 1060 413 temporis
1094 366 1285 401 condicioni
1323 377 1463 412 respon-

262 425 341 459 dere
377 425 570 458 videantur.
621 423 822 458 Invenimus
849 424 941 458 enim
967 424 1091 458 Persea
1116 423 1160 458 ad
1185 423 1332 468 Elpeum
1359 424 1463 459 etiam

261 481 374 516 hieme
409 480 562 514 eiusdem
601 482 705 524 atque
741 479 841 529 initio
875 479 1087 524 insequentis
1128 479 1210 514 anni
1247 489 1463 516 commoran-

261 541 343 573 tem.
394 537 485 574 Nam
528 538 564 573 et
605 537 821 573 venientibus
862 537 1005 583 Illyriis
1046 536 1195 573 Perseus
1234 536 1284 572 ab
1324 536 1467 582 Elpeo

261 596 396 630 amni
445 607 499 630 ex
549 596 713 630 castris
754 607 832 630 cum
875 597 971 630 omni
1011 595 1166 639 equitatu
1201 595 1377 640 profectus
1417 595 1465 629 ad

262 652 376 687 Dium
401 652 550 687 occurrit
563 652 593 695 2)
627 654 662 687 et
698 653 820 698 postea
852 652 962 688 Gallis
996 652 1212 687 venientibus
1245 651 1295 686 ab
1328 651 1466 695 Elpeo

260 720 308 744 ex
344 709 508 744 castris
541 709 719 754 profectus
754 709 889 744 obviam
920 711 968 743 est
1000 720 1078 743 cum
1103 708 1255 743 dimidia
1281 708 1463 753 copiarum

256 766 406 810 pand).
458 766 526 801 Ubi
551 767 703 811 primum
731 768 811 801 novi
836 768 939 801 duces
965 767 1000 801 in
1025 766 1220 811 provincias
1247 767 1337 800 veris
1363 766 1460 810 priu-

262 824 349 868 cipio
383 825 550 858 venerunt
561 822 611 866 ⁴),
652 823 796 858 Perseus
828 826 966 869 propter
991 825 1178 859 adventum
1204 823 1310 859 simul
1334 823 1463 859 Aemili

262 880 343 914 novi
361 880 521 920 consulis,
547 890 649 925 quem
675 891 754 915 cum
780 881 979 926 ingentibus
1004 881 1108 916 minis
1134 883 1318 916 adventare
1345 880 1463 915 audie-

264 938 341 980 bat,
375 938 479 972 simul
505 936 627 972 Octavi
653 938 824 981 praetoris
850 939 979 972 terrore
1005 938 1180 982 perculsus
1212 939 1350 982 ripam
1374 948 1464 972 mu-

262 993 352 1028 nire
379 994 502 1038 Elpei
537 993 743 1028 fluminis
777 994 1010 1040 adgressus
1037 996 1117 1036 est,
1145 994 1226 1039 quia
1251 995 1340 1029 sicco
1367 994 1465 1029 alveo

263 1052 404 1086 transiri
420 1052 556 1095 poterat
567 1050 610 1097 ⁵).
622 1073 663 1077 —
675 1052 729 1087 Ne
749 1061 863 1087 moras
882 1052 1075 1096 nectamus,
1102 1051 1234 1087 mansit
1260 1051 1404 1086 Perseus
1423 1051 1466 1085 ad

261 1108 358 1153 Elpei
386 1109 479 1153 ripas
505 1108 629 1148 etiam.
666 1118 746 1143 cum
779 1119 800 1143 a
831 1108 995 1144 Romanis
1029 1110 1304 1144 circumventum
1329 1118 1365 1143 se
1391 1118 1464 1143 esse

261 1165 423 1200 audiisset
437 1165 484 1209 ὃ),
523 1164 629 1199 donec
661 1175 729 1199 non
754 1166 866 1199 multo
892 1166 972 1200 ante
1000 1165 1134 1200 cladem
1164 1165 1381 1209 Pydneusem
1419 1165 1464 1198 ad

261 1221 528 1266 regrediendum
548 1219 778 1267 coge1·etur⁷).
802 1242 842 1246 —
861 1221 955 1265 Quae
983 1222 1098 1256 omnia
1123 1222 1196 1257 tam
1223 1223 1381 1257 accurate
1408 1231 1463 1256 ex-

262 1278 420 1323 ponenda
453 1279 661 1320 censuimus,
702 1288 767 1323 quo
800 1278 1022 1313 manifestius
1061 1278 1286 1324 intellegatur
1317 1278 1387 1313 iam
1422 1278 1464 1313 ab

261 1336 363 1370 initio
379 1335 508 1369 Persea
533 1345 600 1370 non
625 1337 666 1369 de
691 1335 825 1379 reliquo
851 1337 1004 1379 tempore
1030 1335 1172 1370 aestatis
1192 1337 1232 1370 ad
1252 1335 1354 1379 Elpei
1372 1335 1464 1379 ripas

262 1391 471 1428 extrahendo
495 1391 683 1437 cogitasse,
719 1392 778 1427 sed
803 1393 875 1427 loco
900 1393 967 1428 isto
993 1393 1280 1438 opportunissimo
1297 1394 1389 1428 stare
1406 1401 1466 1437 per

262 1450 378 1484 totum
403 1451 540 1493 tempus
567 1449 649 1484 belli
674 1450 712 1483 in
740 1450 855 1484 animo
882 1449 1054 1484 habuisse.

381 1602 403 1636 ¹)
426 1599 577 1636 Grynaeus
599 1599 688 1636 legit:
710 1600 775 1628 eius
794 1600 926 1629 aestatis.

379 1648 401 1684 ²)
423 1646 467 1676 Cf.
489 1646 529 1675 ib.
551 1650 596 1683 23,
618 1650 643 1675 τ.

378 1695 400 1731 ³)
423 1694 467 1723 Cf.
481 1694 521 1722 ib.
534 1697 580 1729 26,
592 1697 625 1727 ὃς
646 1695 681 1722 cf.
694 1694 783 1723 etiam
796 1695 835 1723 ib.
852 1697 897 1730 27,
912 1697 986 1723 4-5
998 1704 1077 1731 quae
1097 1704 1206 1724 manus
1225 1695 1325 1731 quieto
1344 1696 1468 1725 sedente

262 1752 332 1781 reye
367 1742 408 1771 ad
441 1742 577 1778 Elpeum
610 1741 752 1770 adversus
779 1742 936 1771 Romanos
970 1743 1045 1780 [per]
1077 1742 1262 1771 Perraebiae
1290 1743 1402 1772 saltum
1431 1744 1467 1772 in

265 1790 448 1819 Thessaliam
469 1788 616 1818 traducta
636 1798 698 1817 non
718 1798 807 1827 ayros
826 1793 947 1819 tantum
967 1789 1086 1819 nudare
1103 1790 1281 1827 populando
1297 1791 1408 1828 potuit,
1430 1800 1468 1820 ne

262 1847 336 1875 quos
349 1837 422 1867 inde
441 1837 575 1867 Romani
596 1841 776 1866 commeatus
797 1841 1003 1875 expectarent,
1025 1838 1077 1867 sed
1096 1839 1180 1876 ipsas
1200 1839 1361 1868 eoecindere
1379 1838 1468 1868 nrbes

261 1889 380 1915 tenente
413 1885 454 1914 ad
484 1885 617 1922 Elpeum
644 1884 756 1914 Perseo
786 1885 954 1921 Romanos,
988 1895 1027 1915 ne
1052 1886 1184 1916 urbibus*
1202 1887 1291 1916 sociis
1319 1886 1469 1923 opitulari

259 1936 392 1970 possent.

380 1980 400 2013 ⁴>
422 1979 467 2009 Cf.
490 1979 531 2009 ib.
553 1983 598 2015 30,
623 1983 655 2015 13
676 1982 722 2014 32,
743 1983 771 2008 5.

380 2028 403 2065 ⁵)
426 2028 470 2059 Cf.
491 2029 530 2058 ib.
553 2031 597 2060 32.
619 2021 666 2057 io.

381 2076 403 2112 ⁶)
425 2076 468 2105 Cf.
481 2076 608 2110 XLIIII,
620 2078 667 2110 35,
683 2078 735 2109 183
757 2078 803 2111 39,
825 2078 856 2110 9;
876 2078 1024 2113 praeterea
1044 2077 1197 2106 Plutarchi
1217 2077 1271 2106 vit.
1284 2077 1366 2108 Aem.
1381 2077 1466 2106 Pauli

264 2133 286 2152 c.
309 2123 396 2153 XVI:
418 2123 504 2164 Κρὴς
523 2121 697 2162 αι’τόμολος
725 2117 777 2161 ἧκε
807 2122 934 2162 μηνύων
963 2123 1020 2160 τὴν
1046 2124 1197 2163 περίοδον
1223 2125 1284 2153 τῶν
1304 2127 1465 2162 Ρωμαίων.

263 2173 294 2203 Ὁ
316 2173 350 2202 δὲ
367 2175 593 2212 συνταραχθεὶς
605 2172 640 2202 τὸ
660 2174 721 2212 μὲν
742 2171 955 2211 στρατόπεδον
975 2172 1031 2201 οὐκ
1051 2173 1186 2208 ἐκίνησε.
1201 2196 1221 2201 ..

381 2223 404 2257 ⁷)
426 2221 470 2250 Cf.
493 2220 574 2250 Plut.
596 2221 616 2250 1.
638 2230 660 2250 c.
705 2219 832 2249 Τοίτων
859 2220 893 2248 δὲ
924 2222 965 2256 τῷ
995 2223 1112 2257 Περσεῖ
1132 2218 1371 2258 πρρςπεσόντων
1392 2220 1467 2248 κατὰ

265 2267 356 2307 τάχος
377 2265 541 2302 ἀναζεύξας
561 2266 636 2306 ἦγεν
657 2268 771 2304 ὀπίσω,
803 2271 975 2305 περίφοβος
1005 2267 1139 2305 γεγονώς
1168 2270 1221 2296 καὶ
1242 2269 1470 2305 συγκεχυμένος

265 2320 332 2349 ταῖς
352 2318 484 2346 ἐλπίσιν.
518 2315 624 2345 Λύτοῖ
645 2308 761 2354 δ’ὅμιυς
782 2314 843 2354 πρὸ
864 2316 916 2351 τῆς
936 2314 1061 2351 Πύδνης
1083 2314 1280 2353 ὑπομένοντα
1302 2316 1469 2353 πειρᾶσθαι

264 2362 369 2401 μάχης
390 2364 562 2401 ἀναγκαῖον
584 2361 629 2397 ἦν.
1404 2401 1409 2415 ι
