1721 2727
741 187 782 189 —
838 166 905 200 122
954 189 995 191 e*

273 266 364 304 tum,
403 266 493 308 quod
519 270 557 301 ut
588 267 723 302 isdem
747 269 917 303 castris
942 270 1139 305 tenderet
1159 272 1372 314 permissum
1400 283 1470 307 non

266 320 402 365 fuerit‚·
439 322 590 365 XXVII,
632 324 689 364 17,
720 325 760 359 17
797 325 923 360 isdem
953 326 1106 361 deinde
1131 328 1295 363 castris
1320 329 1470 364 tende-

267 377 373 412 bant
388 380 428 421 ¹),
455 379 558 414 donec
583 380 728 415 ducibus
754 381 785 415 is
810 382 858 416 ad
882 382 1009 417 hostem
1029 387 1234 425 perventum
1259 387 1316 419 est.
1337 407 1380 411 —
1400 387 1469 421 De-

269 436 439 471 fenderim
465 436 573 481 igitur
598 437 782 483 legendum
809 449 901 474 esse:

382 496 471 537 Hoc
495 503 686 547 flumine
713 504 777 552 [ct]
811 507 1011 549 sospitem
1042 518 1082 541 se
1107 509 1143 541 et
1168 510 1363 553 saeptum
1389 510 1472 543 iter

267 559 406 593 hostis
430 559 613 595 credens
637 563 765 596 extra
790 562 1054 598 Heracleum
1084 563 1257 599 tendere
1289 565 1472 600 stativis

268 616 314 650 in
338 616 483 651 animo
508 616 702 653 habebat.

85 782 254 807 nummis.
380 768 538 811 XLIIII,
580 769 644 812 23.
688 770 719 806 8.
783 771 824 805 In
866 772 981 807 codiee
1021 773 1165 818 legitur:
1207 773 1259 808 ibi
1302 784 1343 808 ea
1383 785 1471 818 quae

264 828 500 860 conuenerant
525 826 736 872 circumfuso
760 828 900 872 agmine
925 829 1078 873 equitum
1101 830 1216 874 facta,
1242 841 1325 874 quos
1353 830 1471 866 adesse

265 881 638 919 FOEDERISANCIO
696 896 774 920 cum
824 884 949 920 Gentio
997 886 1170 921 societatis
1217 887 1349 922 uolebat
1397 899 1467 923 rex.

265 939 437 983 Displicet
469 940 557 975 mihi
589 941 693 976 huius
726 941 790 977 loci
826 944 1006 985 correctio,
1048 953 1134 988 quae
1160 954 1181 979 a
1207 944 1365 990 Grynaeo
1390 954 1469 990 pro-

264 995 358 1031 fecta
391 997 501 1032 adhuc
534 997 664 1033 valuit:
699 998 856 1033 sancitae
888 1009 968 1033 cum
993 999 1118 1035 Gentio
1142 1000 1324 1037 societatis.
1372 1001 1469 1037 Non-

265 1054 348 1089 dum
375 1055 469 1089 enim
494 1055 636 1090 sancita
662 1057 737 1091 erat
761 1056 920 1098 societas,
959 1056 1026 1092 etsi
1059 1057 1283 1093 Pantauchus
1309 1059 1470 1095 Meteone

264 1111 332 1145 iam
377 1112 408 1144 et
440 1111 695 1146 iusiurandum
732 1112 776 1147 ab
813 1124 889 1157 reye
925 1115 956 1147 et
994 1113 1124 1148 obsides
1170 1117 1368 1158 acceperat;
1409 1118 1469 1151 sed

264 1167 381 1212 agitur
406 1167 448 1202 de
474 1167 627 1210 foedere,
669 1170 740 1203 cui
778 1169 965 1204 ineundo
999 1170 1118 1205 adesse
1158 1170 1289 1216 equites
1326 1171 1467 1207 volebat

262 1235 336 1266 rex,
380 1225 415 1259 id
454 1227 544 1269 quod
576 1236 616 1260 ex
646 1226 758 1261 verbis
796 1226 962 1271 proximis
993 1229 1024 1261 et
1058 1227 1189 1262 obsides
1219 1228 1260 1262 in
1291 1231 1469 1272 conspectu

264 1281 421 1314 omnium
453 1281 530 1315 dati
563 1282 758 1325 acceptique
789 1282 891 1327 plane
930 1283 1090 1327 adparet,
1131 1284 1256 1329 quippe
1281 1294 1369 1329 quae
1393 1287 1468 1319 tum

263 1339 404 1373 demum
429 1340 546 1374 ratum
572 1339 678 1374 fuisse
703 1339 822 1375 foedus
847 1339 1015 1376 indicant.
1068 1341 1199 1377 Deinde
1225 1341 1288 1377 hoc
1313 1342 1388 1377 loco
1413 1342 1468 1377 in-

263 1398 317 1430 ter
341 1396 491 1439 foederis
517 1397 552 1431 et
577 1397 750 1431 societatis
781 1398 957 1432 notionem
991 1407 1059 1432 non
1084 1407 1125 1433 ea
1149 1398 1282 1433 ratione
1306 1398 1391 1434 licet
1416 1399 1467 1434 di-

263 1452 451 1497 stinguere,
479 1463 546 1498 qua
564 1454 849 1500 distinguendum
869 1457 920 1491 est
937 1454 1091 1498 XXIIII,
1110 1455 1143 1498 6,
1163 1456 1201 1491 7:
1229 1455 1468 1501 Hieronymus

264 1510 394 1554 leyatos
411 1509 662 1555 Carthayinem
688 1512 785 1546 misit
809 1512 856 1546 ad
878 1512 1000 1556 foedus
1024 1524 1066 1547 ex
1090 1513 1245 1547 societate
1270 1524 1347 1547 cum
1364 1509 1468 1547 Han-

262 1567 381 1602 nibale
421 1567 648 1613 faciendum3
689 1569 780 1604 unde
818 1570 990 1614 sequitur,
1032 1569 1187 1614 foederi.
1213 1597 1220 1603 .
1244 1596 1252 1604 .
1297 1570 1468 1605 societatis

263 1625 384 1660 eodem
409 1625 510 1661 modo
535 1625 670 1661 dietum
694 1636 767 1661 esse
793 1636 834 1662 ao
858 1626 968 1667 XLII,
1005 1626 1058 1668 12,
1091 1628 1114 1663 5
1154 1626 1361 1661 Boeotorum
1383 1638 1467 1672 yen-

262 1685 346 1718 tem,
361 1710 369 1717 .
394 1693 590 1726 numquam
615 1683 663 1717 ad
679 1683 897 1718 scribendum
913 1683 1094 1718 amicitiae
1109 1683 1231 1728 foedus
1255 1683 1385 1718 adduci
1404 1694 1467 1727 po-

261 1739 387 1782 tuisse;
425 1739 468 1774 ef.
496 1740 650 1775 eiusdem
682 1750 756 1785 cap.
787 1751 817 1775 v.
844 1741 875 1775 8.
903 1740 959 1775 his
984 1751 1062 1775 eum
1086 1739 1219 1784 fultum
1251 1740 1467 1775 societatibus

262 1801 364 1844 atque
388 1797 561 1831 amicitiis
586 1819 632 1823 —
659 1808 698 1832 ex
724 1808 790 1842 quo
814 1798 912 1842 patet
936 1800 1121 1842 utramque
1149 1807 1267 1832 vocem
1285 1799 1326 1833 de
1344 1798 1465 1833 eadem

261 1865 297 1889 re
328 1853 490 1899 usurpari
523 1865 543 1889 a
574 1854 684 1889 Livio.
736 1855 778 1889 In
804 1864 873 1898 qua
899 1855 1082 1889 verborum
1108 1854 1348 1889 coniunctione
1382 1864 1465 1889 nus-

261 1922 366 1956 quam
393 1911 549 1946 invenias
575 1910 800 1956 participium
818 1911 874 1946 vel
893 1912 1124 1956 gerundivum
1143 1912 1367 1947 coniunctum
1385 1922 1463 1947 cum

261 1968 422 2014 genetivo
448 1968 509 2004 illo
536 1980 556 2004 a
579 1967 702 2013 foedus
727 1978 902 2013 suspenso.
938 1969 1084 2004 Accedit
1108 1969 1275 2004 interesse
1306 1968 1463 2012 aliquan-

261 2028 338 2061 tum
364 2026 455 2062 inter
481 2026 598 2062 adesse
625 2037 788 2071 pugnae,
824 2028 863 2061 ut
900 2026 966 2062 hoc
992 2028 1146 2072 exemplo
1173 2029 1261 2066 utar,
1289 2026 1325 2061 et
1349 2027 1465 2060 adesse

258 2084 409 2129 foederi;
442 2095 568 2129 neque,
608 2085 637 2119 si
669 2083 758 2119 illud
783 2084 851 2119 dici
876 2086 1007 2129 potest,
1034 2085 1105 2120 iam
1129 2084 1195 2119 hoe
1220 2093 1354 2128 quoque
1379 2082 1462 2118 lice-

260 2142 313 2176 bit
339 2142 464 2176 dicere.
507 2141 620 2185 Quare
647 2141 806 2186 equidem
835 2141 1044 2186 negaverim,
1072 2141 1256 2185 deceptum
1280 2140 1464 2175 librarium

260 2198 368 2233 simili
406 2198 582 2243 proximae
620 2199 712 2233 vocis
751 2196 876 2232 Gentio
914 2199 1005 2232 exitu
1043 2198 1221 2243 scripsisse
1252 2196 1372 2231 sancio
1401 2205 1462 2239 pro

378 2333 399 2363 ¹)
422 2330 600 2359 Coniectura
626 2331 671 2357 est
697 2330 722 2359 Ι.
744 2330 791 2358 Fr.
815 2329 956 2358 Gronovii
986 2329 1078 2366 vulgo
1110 2329 1235 2366 probata
1260 2336 1312 2364 pro
1331 2326 1460 2355 codicum

260 2378 408 2415 scriptura
428 2376 654 2406 TENEBANT.
