1721 2727
674 170 906 204 ..27—

306 273 356 309 Ut
381 284 460 310 vero
485 275 587 310 codex
613 275 648 310 in
674 286 754 311 eum
780 284 885 320 quem.
906 284 1066 309 numeros
1081 273 1167 307 istos
1185 273 1296 307 secuti
1313 274 1383 307 sta·
1395 278 1426 299 Co
1428 278 1453 299 di
1455 277 1553 304 11111111

1491 289 1568 328 esde:

193 331 325 365 tuimus
350 331 504 367 ordinem
528 333 757 378 redigeretur,
783 332 847 368 hoc
871 331 971 368 modo
996 331 1130 367 factum
1147 339 1220 364 esse
1238 308 1419 365 videtur.te
1433 340 1475 362 per
1449 311 1531 359 εοᾱ1ἷ1.

194 387 305 424 Codex
328 387 504 425 involucro
537 389 770 426 circumdatus
801 391 876 425 erat
913 391 987 424 tam
1019 387 1174 428 infirmo,
1213 388 1271 430 ut,
1307 396 1385 421 cum

194 444 330 491 saepius
354 445 392 480 in
418 446 503 482 alias
534 447 829 492 transportaretur
861 446 1035 491 regiones,
1072 445 1189 480 laxata
1222 453 1386 488 compage

192 504 310 548 partes
336 504 505 548 quaedam
531 504 669 539 omnino
693 503 959 546 interciderent,
992 502 1161 547 quaedam
1186 510 1268 536 vero
1295 511 1312 535 e
1336 500 1387 535 le-

193 558 327 603 gitimis
353 559 494 595 sedibus
519 561 749 595 moverentur.
784 560 897 605 Atque
924 559 1074 594 defuisse
1098 559 1169 594 iam
1194 559 1278 592 tunc
1295 557 1386 592 tem-

192 617 284 662 poris
310 616 569 662 quaternionem
595 616 622 662 1,
648 627 687 652 ex
712 627 853 652 numero
879 616 888 653 Ι
915 616 1146 661 quaternionis
1164 614 1262 650 tertii
1279 613 1386 649 fronti

194 673 366 719 adscripto
392 674 564 718 sequitur3
591 672 713 719 nempe
739 685 817 708 eum
842 673 1112 719 quaternionem,
1140 684 1160 708 a
1184 682 1250 717 quo
1268 671 1292 706 1.
1306 671 1387 707 XLI

192 729 333 764 initium
358 730 530 774 capiebat.
569 729 666 765 cuius
698 730 768 765 tres
793 729 924 774 priores
950 738 1071 764 versus
1096 727 1204 763 minio
1229 730 1385 764 exaratos

194 784 299 820 fuisse
324 796 363 820 ex
380 786 588 830 reliquorum
607 786 779 821 librorum
796 785 1036 821 XLII—XLV
1053 785 1164 820 initiis
1184 787 1386 821 concludere

191 841 296 885 licet,
338 842 367 877 si
404 842 589 885 adfuisset,
635 843 746 888 primo
788 842 986 888 ponendum
1021 852 1094 877 esse
1130 842 1205 877 loco
1241 841 1388 886 quilibet

192 899 294 934 homo
320 899 376 935 vel
401 899 657 945 stupidissimus
682 899 921 945 intellexisset.
955 899 1062 935 Porro
1081 910 1121 934 ex
1139 908 1278 944 magna,
1297 909 1383 944 quae

192 956 284 991 inter
309 957 550 1001 quaterniones
576 956 871 992 XIIII—XVIIII
903 966 994 991 nunc
1026 956 1101 991 hiat
1137 956 1281 999 lacuna,
1315 956 1387 991 iam

193 1016 269 1048 tum
307 1024 415 1049 unum
452 1014 710 1059 quaternionem
743 1025 771 1048 e.
797 1024 830 1059 g.
856 1013 959 1049 XVII
973 1012 999 1057 ¹)
1038 1012 1193 1048 exulasse
1220 1023 1385 1058 magnam

193 1070 297 1107 habet
333 1071 634 1117 probabilitatem;
672 1071 762 1107 idem
800 1071 984 1107 dicendum
1018 1071 1153 1107 videtur
1178 1071 1219 1106 de
1244 1072 1386 1115 quater-

192 1127 351 1163 nionibus
388 1128 486 1164 XXV
517 1130 553 1164 et
589 1128 706 1164 XXVI
741 1128 902 1164 dimidiis.
953 1128 1045 1164 Nam
1083 1139 1161 1163 011111
1198 1127 1245 1171 is,
1284 1138 1386 1172 quem

192 1186 380 1230 posteriore
406 1187 559 1231 tempore
583 1186 741 1231 partibus
758 1186 964 1230 quibusdam
989 1185 1114 1221 codicis
1141 1195 1304 1231 compage
1330 1195 1385 1220 so-

191 1242 276 1277 lutis
301 1244 401 1278 sedes
425 1244 625 1288 adsignasse
658 1243 990 1285 demonstrabimus,
1029 1242 1112 1278 folia
1150 1242 1384 1287 quaternionis

192 1299 309 1335 XXVI
335 1302 487 1336 extrema
514 1300 572 1345 (=
591 1300 648 1336 101.
677 1301 745 1336 135
770 1302 804 1335 et
832 1299 915 1344 138)
943 1299 990 1335 ali
1015 1298 1233 1345 quaternioni
1257 1299 1386 1335 inserta

192 1357 454 1402 deprehenderit
491 1368 637 1402 cumque
675 1358 774 1392 hodie
812 1357 1046 1402 quaternionis
1084 1357 1183 1393 XXV
1221 1358 1385 1403 quattuor

191 1415 329 1450 tantum
343 1414 426 1449 folia
438 1414 638 1456 habeamus,
658 1415 836 1459 utriusque
850 1415 1085 1459 quaternionis
1099 1414 1197 1450 XXV
1215 1417 1250 1449 et
1268 1414 1384 1450 XXVI

192 1470 369 1516 deperdita
405 1473 503 1515 parte
541 1471 685 1507 dimidia
722 1481 807 1515 quae
845 1473 1044 1516 supererant
1084 1471 1169 1507 10113
1204 1471 1242 1506 111
1280 1482 1384 1506 unum

193 1527 450 1572 quaternionem
491 1528 659 1563 coaluisse
696 1528 831 1564 incuria
866 1528 1046 1564 hominum
1085 1528 1171 1563 mihi
1210 1528 1380 1564 videntur.

190 1585 288 1620 Inter
329 1584 459 1620 laxatos
502 1595 580 1620 vero
621 1586 861 1630 quaterniones
908 1587 1136 1621 numerandos
1184 1596 1256 1620 esse
1298 1596 1383 1630 qua·
1395 1590 1445 1617 Qua
1431 1591 1522 1613 aternio
1524 1596 1566 1612 1111·

191 1641 363 1677 terniones
388 1640 440 1686 II,
466 1640 564 1676 XXV
589 1652 629 1677 ac
653 1641 770 1678 XXVI
794 1641 953 1677 dimidios
988 1653 1028 1677 ex
1061 1642 1104 1677 iis
1140 1644 1253 1687 patet,
1297 1653 1384 1688 quae

191 1702 226 1734 et
251 1699 293 1734 de
320 1708 461 1734 numero
488 1698 498 1735 Ι
525 1699 740 1743 quaternioni
764 1699 820 1734 III
844 1699 983 1745 adpicto
1000 1700 1037 1735 et
1060 1699 1101 1734 de
1120 1700 1385 1745 quaternionum

190 1755 290 1791 XXV
315 1757 349 1790 et
372 1755 489 1790 XXVI
514 1756 598 1790 fatis
623 1756 782 1791 diximus.
816 1757 949 1792 Deinde
975 1757 1080 1792 etiam
1106 1759 1174 1791 tres
1200 1758 1284 1791 istos
1302 1768 1384 1802 quos

192 1824 231 1848 ex
255 1823 384 1859 magna
408 1813 532 1849 lacuna
555 1813 648 1849 inter
674 1814 914 1859 quaterniones
931 1813 1039 1849 XIIII
1057 1816 1091 1849 et
1108 1813 1250 1849 XVIIII
1267 1813 1385 1849 hiante

191 1872 268 1904 tum
309 1869 463 1904 nondum
503 1870 645 1914 periisse
688 1870 875 1906 statuimus
918 1870 1159 1916 quaterniones
1198 1870 1264 1905 XV
1300 1870 1384 1905 XVI

190 1926 313 1961 XVIII
338 1926 406 1961 huc
430 1926 558 1962 referre
591 1927 721 1962 licebit.
765 1927 949 1963 Accedunt
974 1928 1120 1973 denique
1139 1927 1381 1971 quaterniones

189 1983 259 2018 XII
290 1985 324 2018 01
355 1983 455 2025 XXI,
470 1996 478 2002 „
495 1993 641 2028 quorum
671 1984 822 2028 priorem
845 1984 921 2019 loco
947 1995 1008 2020 suo
1032 1984 1135 2019 fuisse
1159 1985 1383 2021 deturbatum

191 2052 231 2076 ex
255 2049 396 2076 numero
424 2039 460 2077 ΙΙΙ
487 2040 661 2085 adscripto
685 2041 756 2077 iam
780 2051 883 2087 supra
915 2040 1163 2084 conclusimus,
1202 2041 1244 2076 de
1268 2042 1383 2086 poste—

150 2142 154 2144 ,
190 2098 279 2134 riore
303 2097 396 2133 infra
419 2097 652 2143 probabimus.
694 2098 818 2144 Itaque
843 2099 1007 2144 separatis
1025 2097 1079 2133 his
1097 2098 1383 2144 quaternionibus

192 2165 230 2191 00
248 2155 401 2202 tempore
419 2154 474 2190 vel
490 2154 560 2190 iam
577 2156 761 2201 deperditis
781 2156 836 2191 vel
854 2156 952 2201 vagis
969 2155 1094 2201 reliqui
1113 2166 1192 2191 cum
1208 2156 1385 2191 involucro

308 2308 330 2343 ¹)
350 2306 409 2336 Pro
439 2309 518 2336 certo
549 2307 629 2336 enim
651 2307 772 2345 quinam
793 2305 960 2344 deperditus
980 2306 1072 2335 fuerit
1097 2307 1205 2344 quique
1225 2306 1332 2343 reliqui
1353 2316 1386 2335 ex

193 2355 299 2385 lacuna
319 2355 373 2385 illa
392 2355 598 2393 quaterniones
623 2354 682 2385 dici
702 2356 823 2393 nequire
841 2363 926 2385 nemo
946 2363 1006 2385 non
1027 2354 1116 2385 videt.

1409 1625 1552 1646 acompnge

1439 1647 1522 1670 5011th
