1721 2727
729 190 987 225 —110—

257 295 315 336 tur
340 294 584 329 terminatione
610 293 650 329 IS
676 293 786 328 evasit
812 292 922 328 forma
949 291 1329 338 DECRETEBISINE,
1352 303 1455 339 quam

256 348 439 385 librarium
481 351 607 385 codicis
650 350 924 385 Vindobonensis
968 350 1093 395 legisse
1133 351 1339 395 putaverim.
1390 350 1455 394 Qui

258 415 338 441 cum
364 405 654 452 praepositionem
681 404 789 441 SINE
820 405 1074 451 deprehendere
1110 406 1176 441 sibi
1213 408 1388 442 videretur
1421 409 1455 445 et

256 465 435 507 praeterea
460 474 527 498 non
554 463 665 499 solum
692 463 868 499 constanti
893 463 1069 509 archetypi
1095 463 1267 509 scriptura
1285 463 1455 501 ΒΟΕΤΙΑ

257 519 540 561 ΞΒΟΕΟΤΙΑ,
579 519 638 553 sed
670 520 774 553 etiam
810 520 936 553 omissa
970 520 1006 553 in
1031 530 1113 554 voce
1139 519 1454 556 BOETARCHAE

256 576 475 621 aspirationis
503 576 624 611 littera
650 575 683 610 H
709 577 869 611 seductus
896 575 933 610 in
959 585 998 611 eo
1023 576 1188 612 vocabulo
1206 586 1310 621 prave
1328 577 1455 622 scripto

257 633 527 678 (BOETARCE)
568 633 763 669 ablativum
802 644 903 678 quem
941 636 1067 669 vocant
1105 644 1221 670 casum
1260 633 1383 670 AROE
1416 644 1456 670 ac

255 691 462 735 particulam
490 690 547 724 ET
573 690 748 735 reperiret,
775 691 810 724 in
836 690 969 735 syllaba
994 690 1053 725 ΒΟ
1080 691 1321 735 compendium
1338 694 1456 726 adesse

254 748 381 784 statuit
414 748 505 784 vocis
539 747 644 784 Bello.
695 747 774 784 Iure
805 747 931 784 merito
958 748 1076 784 autem
1101 758 1190 792 eum,
1219 748 1276 794 qui
1302 749 1454 794 spuriam

254 806 352 840 illam
378 816 498 840 vocem
523 805 671 841 BELLO
698 806 870 848 conflavit,
890 807 995 841 etiam
1013 807 1269 841 terminationis
1287 806 1359 842 UM
1376 807 1454 851 post

254 861 435 898 DECRET
455 862 595 899 additae
613 863 716 908 atque
738 861 869 908 aliquot
886 862 1085 898 litterarum
1102 863 1310 898 insertarum
1339 862 1391 906 (T,
1409 862 1454 905 H,

254 919 290 965 S)
321 923 498 956 auctorem
522 930 596 955 esse
622 919 881 956 arbitrabimur.
933 919 1143 956 Crediderim
1161 921 1275 966 igitur
1301 920 1351 956 ita
1367 930 1452 965 pau·

253 976 354 1013 latim
380 979 606 1022 depravatam
633 987 706 1012 esse
733 978 942 1021 scripturam
967 977 1162 1023 archetypi:

416 1042 942 1080 DECRETNEBOETARCAE

416 1099 939 1183 DECREfflINEBOETAROAE
975 1182 979 1184 .

415 1204 1018 1241 ΒΕΟΒΕΤΕΒΙΝΕΒΟΕΤΑΒΟΑΕ

414 1261 1062 1298 DECRETEBISINEBOETAROAE
1102 1264 1104 1268 '

413 1318 1288 1356 DECRETUMTHEBISSINEBELLOETARCE.

367 1387 497 1432 Legam
514 1388 646 1431 itaque:
674 1385 755 1421 Gom
760 1386 834 1421 itiis
847 1387 1023 1430 praetoris
1040 1388 1245 1422 Boeotorum
1261 1386 1351 1422 vieta
1362 1397 1454 1430 pars

239 1443 241 1445 ’
252 1443 431 1479 iniuriam
467 1454 677 1488 persequens
717 1445 834 1479 coacta
876 1444 1102 1479 multitudiue
1141 1444 1165 1478 d
1174 1455 1190 1479 e
1198 1454 1215 1479 c
1222 1454 1242 1478 r
1249 1455 1266 1479 e
1273 1455 1292 1478 v
1300 1443 1334 1478 it
1344 1471 1356 1488 ,
1398 1455 1424 1479 u
1437 1456 1454 1480 e

252 1500 290 1535 B
297 1511 316 1535 o
324 1504 414 1535 eota
422 1513 442 1535 r
452 1512 468 1535 c
477 1501 499 1535 h
507 1512 554 1535 ae
578 1501 722 1535 urbibus
746 1500 993 1544 reciperentur.

70 1681 145 1708 xm,
162 1683 197 1708 57.
214 1683 237 1706 ³.
365 1673 406 1708 In
416 1673 488 1708 cod.
499 1672 522 1707 f.
532 1672 623 1708 sssvl.
631 1672 773 1708 25—26
781 1673 904 1716 (XLII,
913 1672 970 1715 57,
980 1672 1015 1717 3)
1024 1671 1154 1716 legitur
1161 1670 1439 1714 MAlXUMERE
1447 1698 1455 1707 .

251 1729 449 1766 Editoribus
467 1729 714 1765 recentioribus
740 1730 909 1775 syllabam
935 1729 996 1764 RE
1021 1728 1192 1764 abundare
1210 1728 1357 1773 opinatis
1375 1739 1451 1763 ma-

249 1799 353 1823 xume
365 1787 511 1832 indique
521 1787 666 1832 ferentis
679 1787 826 1822 scribere
834 1787 978 1831 placuit.
990 1786 1119 1821 Verum
1135 1784 1348 1821 considerato
1362 1795 1452 1820 com-

251 1844 454 1890 pendiorum
480 1855 555 1886 usu,
574 1854 676 1889 quem
693 1844 729 1878 in
757 1844 943 1888 archetypo
961 1843 1178 1888 frequentem
1204 1843 1309 1878 fuisse
1326 1843 1451 1887 proba-

252 1902 375 1943 vimus,
401 1901 445 1937 ad
463 1900 615 1946 Grynaei
641 1901 915 1935 emendationem
943 1899 1205 1945 (maximopere)
1231 1899 1446 1934 redeundum

252 1968 328 1994 esse
367 1958 527 2003 adparet,
567 1968 646 1993 cum
671 1955 941 1992 MAXUMERE
967 1967 1036 1992 non
1061 1956 1257 2001 corruptela
1283 1958 1451 1992 censenda

251 2016 314 2059 sit,
357 2016 416 2051 sed
454 2014 696 2060 compendium
736 2014 796 2060 (=
826 2013 1152 2059 MAXUMQERE),
1192 2013 1281 2058 quod
1316 2012 1450 2058 explere

251 2073 414 2109 librarius
452 2073 613 2118 neglexit.
666 2071 868 2118 Legendum
905 2071 1014 2119 igitur
1052 2071 1135 2107 erit:
1167 2097 1175 2105 .
1193 2097 1200 2105 .
1216 2081 1451 2106 .maoeumo-

248 2142 346 2176 pere
373 2130 558 2176 indique
582 2131 839 2175 ferentes...

67 2299 143 2326 211111.
165 2299 239 2326 6⁵31.
268 2317 271 2321 .
365 2291 482 2333 XLII,
509 2292 569 2331 65,
598 2292 617 2325 7
657 2292 845 2326 secundum
878 2291 1064 2326 lectionem
1101 2291 1280 2336 vulgatam
1314 2289 1365 2324 ita
1398 2291 1451 2325 in-

253 2346 352 2393 cipit:
395 2348 445 2383 ibi
486 2359 565 2383 cum
601 2348 641 2382 iu
682 2347 794 2382 orbem
832 2346 959 2382 milites
1003 2347 1175 2392 coeyisset,
1219 2348 1258 2381 ut
1295 2346 1452 2382 densatis

251 2405 358 2440 scutis
398 2405 441 2441 ab
478 2405 551 2441 ictu
591 2404 805 2450 sapittarum
845 2406 876 2439 et
917 2404 1113 2440 uinculorum
1153 2414 1222 2439 sese
1263 2405 1452 2446 tuerentur,
