1721 2727
685 137 940 172 —125—

219 250 299 275 nam
325 251 365 275 ex
389 239 449 282 iis,
478 249 564 284 quae
595 250 698 285 supra
739 241 779 275 de
821 250 940 275 earum
976 240 1172 282 litterarum
1201 244 1323 277 natura
1356 252 1413 277 ex-

220 295 398 341 posuimus
415 296 451 339 1),
477 297 547 332 ΠΜ
573 297 737 333 facillime
762 297 856 332 abire
883 298 1036 342 potuisse
1062 300 1198 333 constat
1231 299 1268 333 in
1300 299 1413 341 UNT;

222 353 354 388 accedit
362 354 602 398 compendium
610 354 798 399 scripturae
807 352 1066 390 ADOENRUM
1075 372 1104 383 z
1111 348 1424 393 ADGENwRUMss

222 410 318 444 cuius
343 409 483 446 litterae
507 410 541 445 N
566 412 747 455 utramque
771 411 898 446 lineam
928 411 985 455 (ΙΙ)
1012 422 1089 446 cum
1115 423 1175 456 pro
1201 414 1333 448 duabus
1367 411 1413 446 SS

221 466 362 503 haberet
385 467 559 510 libratim,
586 467 699 513 legere
724 467 1036 504 ADCESSOEUNT
1054 469 1125 504 iam
1143 480 1209 505 non
1228 469 1414 505 dubitavit.

222 525 329 561 Recte
355 526 460 561 etiam
486 527 661 561 mutatum
688 529 741 561 est
766 525 975 561 AESTATE
991 529 1027 562 in
1046 526 1251 573 AESTUM3
1277 538 1358 563 nam
1377 538 1415 562 ex
1478 535 1481 537 ’

224 583 426 627 compendio
455 582 595 624 A.EST-‚
615 583 657 617 ad
675 583 762 627 quod
783 584 973 618 necessario
990 584 1162 626 reicimur‚
1181 584 1262 629 quid
1280 584 1419 619 facilius

225 641 298 674 erat
316 649 419 684 quam
436 639 576 674 restitui
592 649 612 674 a
628 639 769 675 librario
784 639 920 675 indocto
933 640 1151 682 AESTATE,
1165 641 1369 686 praesertim
1387 641 1416 675 si

225 697 388 741 respicias
414 697 629 742 frequentem
655 697 727 733 eius
753 698 943 743 compendii
962 708 1027 743 quo
1044 698 1105 733 AT
1124 698 1258 745 syllaba
1277 698 1416 733 omitte-

224 754 327 789 batur
351 764 462 789 usum.
491 754 584 797 Quae
611 764 690 790 cum
715 757 764 791 ita
789 757 870 798 sint,
896 755 1040 790 dubium
1065 766 1133 790 non
1158 758 1220 798 est,
1239 756 1321 801 quin
1338 766 1416 790 cum

224 810 366 847 Hertzio
393 813 512 847 contra
528 811 755 858 Madvigium,
773 812 832 858 qui
851 812 977 849 codicis
995 813 1201 858 scripturam
1219 811 1420 849 MERIDIE

226 869 332 910 tenet,
351 869 533 913 legendum
550 870 595 903 sit
612 870 851 905 MERIDIEM
869 871 971 915 idque
989 881 1026 905 eo
1042 870 1263 914 probabilius,
1284 881 1359 906 cum
1379 880 1419 905 ea

226 934 308 959 voce
326 925 350 959 1.
369 925 402 960 5.
422 925 603 961 claudatur
628 929 740 971 atque,
762 926 830 961 nisi
847 927 917 962 iam
934 927 970 962 in
988 927 1172 973 archetypo
1191 927 1318 962 codicis
1333 927 1419 961 Vin—

228 982 432 1018 dobonensis
458 984 493 1018 id
520 986 593 1019 erat
627 986 805 1027 mendum,
844 985 1023 1021 librarium
1058 985 1248 1030 neglexisse
1282 985 1419 1029 signum

227 1040 364 1076 litterae
397 1041 433 1075 M
474 1041 737 1089 (MERIDIEY)
777 1052 843 1076 non
878 1042 928 1076 ita
959 1045 1088 1077 temere
1119 1042 1223 1076 liceat
1255 1044 1417 1077 statuere.

228 1097 359 1133 Verum
397 1099 560 1133 restituta
598 1098 661 1133 hoc
703 1099 802 1133 modo
835 1099 984 1144 genuina
1024 1099 1195 1144 scriptura
1225 1098 1419 1143 proximum

230 1156 448 1191 enuntiatum
477 1157 548 1190 arte
575 1167 653 1191 cum
685 1167 738 1197 eo,
782 1156 822 1191 de
861 1166 926 1201 quo
953 1148 1102 1203 egimus,
1131 1156 1308 1191 cohaerere
1342 1155 1419 1190 ilico

229 1213 378 1249 videtur.
428 1213 548 1258 Itaque
573 1214 757 1259 legendum
784 1214 989 1249 censuerim:
1016 1213 1236 1248 lassitudo
1260 1215 1296 1248 et
1320 1212 1421 1247 sitis

229 1275 314 1306 iam
339 1271 609 1305 sentiebatur
641 1273 676 1305 et
708 1271 930 1305 meridiem
962 1273 1119 1305 aestum
1160 1272 1302 1315 mayis
1343 1270 1421 1304 ad-

230 1339 456 1364 censurum
496 1339 586 1362 cum
627 1339 720 1363 moa·
761 1328 1015 1372 adpareret,
1058 1328 1219 1363 statuit
1252 1328 1312 1363 sic
1345 1327 1421 1362 ad-

231 1386 363 1431 fectos
404 1385 573 1421 receuti
606 1387 737 1429 atque
778 1385 950 1430 iuteyro
990 1385 1102 1421 hosti
1135 1396 1220 1420 uon
1245 1384 1420 1420 obicere.

345 1575 450 1618 XLV,
484 1576 516 1618 6,
551 1576 606 1611 10.
657 1572 819 1611 Hertzius
855 1575 962 1621 legit:
1007 1574 1097 1610 Tum
1137 1585 1205 1610 sese
1243 1574 1424 1620 filiumque
1443 1586 1600 1612 xnv,e,10.

236 1632 375 1667 Octavio
407 1632 575 1675 tradidit,
615 1633 797 1678 fortunam
828 1632 987 1677 deosque,
1029 1642 1175 1676 quorum
1208 1630 1273 1679 [iu]
1300 1632 1424 1676 templo

233 1693 345 1735 eraut,
371 1690 476 1725 nulla
500 1700 560 1733 ope
589 1690 779 1734 supplicem
816 1689 972 1724 iuvantis
1008 1700 1185 1724 accusans.
1212 1709 1257 1713 ——
1283 1690 1324 1724 In
1350 1690 1422 1724 cod.

235 1748 259 1783 f.
287 1748 367 1783 152Γ
404 1748 426 1782 l.
456 1748 500 1783 13
531 1747 659 1793 legitur
691 1745 1290 1783 NULLOTEMPLONULLAOPE.
1340 1746 1424 1781 Edi-

235 1808 326 1840 tores
353 1804 696 1840 NULLOTEMPLO
723 1815 761 1839 ex
787 1804 966 1838 enuntiato
994 1805 1083 1848 qued
1107 1803 1259 1847 proxime
1284 1813 1424 1847 praece-

237 1862 289 1896 dit
314 1861 501 1907 repetitum
527 1871 598 1895 esse
623 1861 691 1896 rati
718 1862 901 1896 eiecerunt.
946 1861 994 1895 At
1021 1870 1148 1901 vereor,
1176 1870 1218 1893 ne
1235 1860 1270 1894 id
1290 1859 1426 1894 facilius

239 1929 341 1964 quam
367 1919 481 1954 verius
508 1917 667 1958 fecerint;
699 1927 781 1952 nam
806 1918 841 1952 in
866 1918 1050 1963 permultis
1075 1915 1264 1958 erroribus,
1300 1915 1424 1961 quibus

239 1986 302 2012 vox
316 1976 483 2021 quaedam
508 1975 619 2020 repeti
642 1975 791 2018 videtur,
809 1974 949 2010 subesse
967 1975 1169 2020 plerumque
1185 1973 1290 2008 aliam
1308 1984 1427 2008 vocem

239 2035 274 2068 in
307 2033 493 2077 archetypo
530 2042 592 2076 per
630 2032 870 2076 compendium
907 2032 1071 2075 scriptam
1102 2032 1205 2075 atque
1238 2040 1258 2065 a
1288 2030 1429 2065 librario

240 2090 417 2126 doctrinae
442 2089 630 2124 subtilioris
656 2089 791 2134 experte
816 2088 859 2123 ad
888 2086 1151 2123 similitudinem
1178 2086 1338 2122 vocabuli
1364 2086 1427 2122 ali-

241 2150 348 2193 cuius,
383 2148 471 2193 quod
503 2148 560 2182 vel
586 2146 809 2182 antecedebat
834 2147 891 2181 vel
916 2144 1139 2190 sequebatur,
1167 2145 1336 2190 expletam
1360 2145 1430 2180 iam

241 2216 344 2250 supra
369 2204 595 2260 defendimus.
622 2202 834 2238 Crediderim
857 2203 964 2248 igitur
981 2201 1210 2237 TEMPLUM
1227 2203 1339 2236 ortum
1358 2210 1433 2235 esse

361 2365 383 2400 ¹)
405 2365 451 2394 Of.
471 2372 500 2402 p.
521 2365 557 2392 68
577 2359 837 2392 ADOR-IANTUR
856 2367 908 2397 pro
930 2357 1178 2388 ADORIAMUR.
