1721 2727
712 202 969 237 „132—

237 306 432 343 omittimus
444 306 652 353 particulam
664 305 759 341 enim
771 316 811 342 ac
827 306 994 352 legimus:
1010 305 1102 342 Sunt
1117 306 1242 351 Tempe
1256 306 1382 343 saltus.
1398 331 1407 341 .
1423 333 1431 342 .

238 376 277 399 ea
302 364 543 399 emendatione
568 364 604 399 id
629 363 872 406 nanciscimur,
899 365 939 398 ut
963 364 1173 399 constructio
1199 364 1334 399 facilior
1359 365 1436 406 fiat,

237 432 317 456 cum
342 420 568 465 difficilis
592 419 663 454 iam
682 430 747 455 non
767 429 844 454 cum
865 420 1078 465 appositione
1103 419 1247 455 saltus
1271 423 1310 456 ut
1326 432 1437 466 prae-

237 478 430 514 dicatum
450 476 515 520 (Es
534 477 578 511 ist
595 476 752 511 na'mlich
764 475 831 511 das
850 476 943 511 Thal
962 476 1102 521 Tempe.
1120 504 1127 512 .
1143 504 1150 512 .
1167 504 1174 511 .
1199 476 1378 523 schwie‘riq
1394 490 1438 513 zu

234 535 425 580 passiren),
444 535 504 569 sed
522 545 600 570 cum
614 534 810 579 praedicato
827 533 978 569 saltus
1001 537 1041 570 ut
1065 534 1330 570 adiectivum
1347 536 1437 580 quod

236 595 362 629 vocant
389 592 530 637 (Tempe
557 591 602 626 ist
627 591 685 626 ein
710 591 800 626 auch
825 602 946 639 ausser
970 591 1168 638 Krieyszeit
1194 591 1371 637 schwieriy
1394 604 1440 628 zu

231 650 456 694 passirendes
484 649 592 696 Thal)
631 648 845 693 iungendum
882 650 938 684 sit.
989 649 1031 684 Id
1056 660 1164 695 genus
1190 649 1437 694 'explicationes

236 707 438 753 regionum,
476 707 682 752 praesertim
709 705 738 740 si
764 707 803 740 ut
829 716 886 748 ea,
925 707 966 741 de
992 717 1061 750 qua
1085 717 1197 742 sermo
1231 707 1305 749 est,
1345 716 1438 742 com-

235 763 391 809 pluribus
418 762 608 798 enuntiatis
627 762 869 805 continentur,
889 771 957 797 non
973 762 1089 807 inepte
1107 762 1181 798 sine
1199 763 1439 799 coniunctione

236 822 277 856 iis
304 831 390 865 quae
415 819 627 864 praecedunt
651 819 860 855 adseruntur
876 819 914 865 ¹).
1242 810 1243 813 ¹

350 897 424 941 Qua
468 896 705 932 emendatione
747 897 816 932 iam
857 897 993 931 utamur
1032 897 1075 932 ad
1117 897 1249 939 locum,
1294 898 1330 931 in
1371 907 1437 942 quo

236 954 439 1000 corrigendo
465 954 601 990 tamdiu
630 964 818 996 versamur,
845 954 1048 990 sanandum.
1101 955 1203 999 Quid,
1231 954 1261 990 si
1286 953 1347 990 illa
1372 953 1439 1000 syl-

235 1011 317 1047 laba
342 1011 408 1046 EM
436 1011 676 1055 compendium
704 1013 756 1045 est
789 1011 979 1055 particulae
1013 1011 1136 1047 EniM‘?
1186 1013 1319 1049 Deinde
1351 1011 1438 1047 illud

235 1067 579 1111 HOMINUMQUE,
623 1068 713 1112 quod
751 1068 786 1102 in
826 1066 942 1103 codice
980 1067 1110 1112 legitur
1147 1069 1262 1103 ortum
1295 1077 1368 1103 esse
1399 1078 1439 1102 ex

234 1124 654 1169 HONISFIUNTQUAE
680 1125 766 1160 mihi
791 1124 978 1171 videturss).
1029 1125 1154 1169 QUAE
1182 1126 1216 1160 et
1241 1124 1333 1170 QUE
1359 1136 1438 1170 per-

235 1193 338 1228 saepe
350 1183 440 1217 inter
454 1193 489 1217 se
503 1182 665 1217 confundi
681 1181 835 1226 quisquis
849 1181 951 1216 huius
967 1182 1104 1217 decadis
1121 1181 1229 1217 libros
1243 1183 1437 1217 accuratius
1493 1188 1499 1195 ‘

235 1239 440 1275 tractaverit
465 1238 551 1274 satis
568 1238 672 1280 sciet;
705 1237 802 1274 UNT
830 1238 864 1273 et
888 1237 958 1274 ΠΜ
983 1238 1019 1273 in
1046 1237 1232 1284 archetypo
1258 1238 1440 1274 simillima

238 1297 342 1333 fuisse
357 1307 462 1342 supra
475 1296 634 1332 vidimus.
653 1295 808 1341 Cumque
823 1296 1014 1342 compendii
1028 1295 1174 1332 HONIS
1188 1298 1247 1342 (z
1255 1296 1438 1341 HON⁰=IS)

349 1451 374 1483 ¹)
395 1449 438 1477 Ex
458 1447 556 1478 codice
577 1448 689 1478 Gaiano
710 1447 871 1477 Veronensi
898 1448 946 1485 (cf.
969 1448 988 1476 l.
1010 1457 1034 1478 c.
1056 1457 1085 1485 p.
1107 1450 1162 1477 267
1184 1449 1214 1477 et
1234 1450 1301 1486 282)
1322 1449 1437 1487 duppli-

235 1506 297 1527 cem
318 1496 458 1526 usitatam
481 1496 573 1525 fuisse
589 1495 677 1525 huius
690 1495 857 1534 compendii
878 1495 1001 1524 formam
1020 1496 1152 1532 constat,
1174 1496 1300 1526 alteram
1321 1496 1438 1540 ΕΙἊΙ

234 1544 311 1574 unde
332 1546 363 1573 et
383 1543 529 1581 scriptura
543 1536 610 1572 E—M-
614 1552 724 1581 ‚quam
735 1544 871 1572 notarum
879 1542 1123 1580 Lugdunensium
1134 1543 1222 1573 codex
1233 1543 1438 1582 Lugdunensis

234 1592 298 1628 (Ll)
314 1592 442 1628 exhibet,
463 1593 492 1621 et
513 1591 602 1621 huius
623 1591 732 1621 codicis
753 1600 873 1627 errores,
894 1591 926 1620 in
946 1590 1054 1628 quibus
1075 1591 1256 1629 explicandis
1276 1601 1435 1628 versamur,

233 1641 427 1678 explicantur,
440 1640 565 1669 alteram
579 1639 672 1688 lfis,
685 1640 769 1668 cuius
786 1639 930 1669 indicium
943 1639 1118 1676 deprehendi
1138 1640 1169 1668 in
1185 1640 1350 1678 corruptela.
1360 1641 1378 1669 f.
1392 1643 1439 1669 42¹

233 1689 252 1717 l.
275 1690 311 1717 28
333 1688 439 1724 (XLII,
462 1689 507 1721 28,
531 1689 569 1724 7),
590 1688 641 1717 ubi
663 1696 716 1725 pro
737 1687 961 1717 IMPERAUIT
988 1687 1115 1725 legitur:
1145 1687 1435 1718 ENIMPERAUIT.

234 1736 385 1765 Nimirum
413 1745 480 1766 cum
507 1735 537 1764 in
566 1735 722 1774 archetypo
750 1735 896 1772 scriptum
924 1736 1003 1764 esset
1029 1734 1264 1772 INPERAUIT,
1297 1735 1438 1765 librarius

233 1785 415 1813 commutata
435 1783 650 1821 praepositione
670 1783 714 1812 IN
742 1792 808 1812 cum
829 1782 983 1811 simillimo
1004 1784 1123 1812 voculae
1144 1783 1246 1812 ENIM
1266 1783 1438 1820 compendio

231 1831 392 1861 tritissimo
413 1830 532 1869 scripsit
559 1829 843 1860 ENIMPERAUIT.

348 1901 370 1935 ²)
405 1898 484 1927 Haec
518 1907 583 1927 cum
618 1897 800 1934 scripsissem
808 1921 815 1935 ,
850 1898 883 1927 in
918 1898 1015 1927 locum
1049 1897 1204 1927 Plutarchi
1237 1897 1328 1927 incidi
1340 1921 1347 1933 ‚
1380 1906 1438 1935 quo

232 1947 303 1976 haec
337 1946 505 1976 coniectura
541 1946 602 1975 iam
639 1954 697 1974 non
733 1945 977 1982 probabilitatem
989 1967 996 1981 ‚
1036 1945 1087 1974 sed
1126 1944 1336 1975 certitudinem
1369 1954 1439 1974 nan-

231 1994 361 2024 ciscatur
395 1993 564 2031 (Plutarchi
595 1992 704 2024 Aemil.
736 1992 819 2022 Paul.
850 2001 874 2022 c.
904 1994 953 2029 35)
965 2002 972 2019 :
1008 1991 1157 2025 ’Ἡκοντος
1194 1992 1228 2021 δὲ
1266 1995 1439 2032 στρατηγοῦ

231 2041 310 2081 μετὰ
347 2043 399 2078 τῆς
435 2041 582 2079 ἀληθινῆς
621 2044 709 2078 νίκης
748 2041 984 2081 ἀφαιρεῖσθε
1025 2052 1041 2069 τ
1052 2041 1075 2069 ῶ
1087 2051 1105 2070 ν
1133 2040 1204 2078 μὲν
1237 2042 1336 2071 θεῶν
1371 2040 1440 2077 τὴν

232 2103 295 2130 τιμ
308 2090 367 2127 ἡν,
400 2102 419 2119 α
428 2090 468 2120 ὑτ
477 2091 524 2120 ῶν
558 2090 596 2119 δὲ
628 2101 678 2128 χα
687 2101 703 2126 ρ
714 2087 766 2120 ἄν,
808 2089 884 2119 Nam
916 2098 1093 2127 quamquam
1127 2089 1230 2119 Livius
1262 2090 1338 2119 hanc
1371 2098 1437 2118 sen-

232 2138 369 2173 tentiam,
390 2147 448 2175 qua
469 2137 647 2166 Plutarchus
677 2139 714 2166 et
744 2136 828 2165 deos
857 2137 994 2166 honore
1023 2138 1060 2166 et
1090 2137 1187 2165 homi
1198 2145 1260 2165 nes
1293 2137 1438 2173 (αὐτῶν)

232 2186 434 2224 voluptate
454 2193 542 2223 aeque
562 2184 673 2223 privari
695 2183 787 2220 dixit,
818 2183 863 2213 ita
883 2183 1074 2219 immutavit,
1102 2184 1136 2213 ut
1156 2183 1305 2214 deorum
1326 2183 1438 2213 hono-

232 2243 304 2264 rem
326 2233 444 2263 multo
465 2233 548 2270 plur
558 2233 589 2262 is
608 2242 622 2262 e
632 2242 688 2262 sse
709 2232 800 2262 duce
812 2232 919 2261 ndum
947 2232 1104 2262 Servilium
1133 2232 1280 2261 dicentem
1300 2232 1438 2270 fingeret,

231 2291 289 2311 non
309 2284 410 2311 tamen
432 2281 600 2310 similitudo
615 2281 742 2315 tollitur,
764 2289 830 2309 cum
848 2289 905 2308 non
920 2282 1038 2309 tantum
1060 2280 1215 2317 utrobique
1236 2281 1267 2308 et
1286 2279 1326 2308 de
1335 2288 1373 2308 or
1381 2289 1398 2308 u
1406 2289 1435 2309 m

231 2330 344 2359 honos
363 2329 438 2366 (τῶν
460 2329 540 2358 θεῶν
561 2327 617 2364 τὴν
638 2326 743 2367 τιμήν)
776 2329 807 2357 et
827 2327 871 2356 11“ο
880 2327 1016 2356 minum
1038 2327 1216 2365 voluptas
1246 2327 1361 2364 (αὐτῶν
1380 2326 1437 2364 τήν

227 2375 343 2418 χαράν)
363 2378 623 2414 commemoretur,
657 2377 707 2407 sed
738 2376 829 2406 etiam
864 2375 899 2405 de
918 2375 965 2412 iis,
985 2375 1036 2413 qui
1066 2385 1100 2405 ea
1133 2375 1243 2405 turba
1251 2375 1327 2405 turi
1348 2385 1361 2405 s
1369 2375 1380 2405 i
1388 2377 1437 2412 nt,

232 2427 445 2465 (ἀφαιρεῖσθε)
465 2433 558 2455 sermo
580 2425 644 2454 fiat.
