1721 2727
686 179 922 215 -37—

207 283 288 325 VII,
306 294 346 318 ex
362 283 488 318 litteris
505 283 692 328 posteriore
709 285 822 319 aetate
838 284 983 329 adpictis
997 285 1255 329 quaternionem
1268 285 1403 322 XXXII

203 340 243 375 in
269 339 380 374 medio
406 334 641 384 quaternione
654 341 773 376 XXXI
802 341 908 376 fuisse
934 341 1152 376 conlocatum
1177 351 1282 385 supra
1307 343 1403 377 vide-

206 396 327 440 rimus,
353 396 391 432 in
408 406 524 432 eorum
542 397 806 443 quaternionum
823 398 1019 444 significata
1037 398 1273 434 coniunctione
1291 400 1403 435 mani-

208 453 337 488 festum
376 454 641 499 deprehenditur
677 457 940 499 argumentum,
983 456 1166 491 etiamtum
1205 466 1284 491 cum
1322 457 1404 492 ordo

208 511 474 554 restituebatur,
506 511 685 556 utriusque
710 511 839 547 ordinis
865 512 1041 557 illegitimi
1066 513 1217 548 adfuisse
1245 513 1403 559 vestigia.

324 567 510 611 Quaeritur
534 569 622 612 iam,
656 569 766 614 qualis
792 569 829 604 in
854 569 1083 615 significanda
1115 570 1244 606 ordinis
1278 570 1405 615 prioris

208 626 401 661 mutatione
439 627 527 661 ratio
565 626 652 661 inita
683 627 740 661 sit.
792 625 880 662 Cum
921 628 1155 671 quaternionis
1192 628 1263 663 XII
1296 638 1405 673 neque

205 692 287 717 cum
306 683 530 727 quaternione
548 683 599 718 XI
616 694 727 728 neque
754 678 834 718 cum
858 684 949 719 XIII
974 684 1197 719 cohaerentia
1222 685 1404 727 indicetur,

211 749 523 785 quamquam—eum
550 740 812 785 quaternionem
830 749 891 776 suo
909 740 1125 776 conlocatum
1145 751 1216 776 esse
1234 741 1307 777 loeo
1326 752 1407 778 cum

145 836 147 838 ,
210 796 456 844 probabilitate
482 798 630 842 quadam
657 799 913 841 contendimus,
951 799 987 833 id
1019 798 1120 843 plane
1145 800 1303 844 adparet,
1338 809 1407 834 non

209 865 378 899 quemque
402 855 529 896 locum,
556 854 617 889 ubi
643 856 821 899 quaternio
853 854 1087 894 inserebatur,
1127 865 1201 890 esse
1233 855 1407 900 significa·

210 913 307 953 tum,
333 912 452 957 procul
478 911 580 947 dubio
604 912 685 957 quia
710 912 914 958 plerumque
938 911 1114 959 primariis
1139 912 1409 958 quaternionum

213 969 304 1003 notis
332 979 451 1003 eorum
476 970 631 1005 ordinem
648 970 742 1004 satis
768 972 929 1005 accurate
956 969 1145 1014 significari
1171 970 1318 1014 putabat
1350 971 1408 1014 qui

209 1024 292 1060 libri
306 1035 495 1060 connexum
509 1025 708 1070 legitimum
721 1026 924 1061 restituebat
934 1025 969 1067 ¹).
989 1025 1116 1060 Contra
1130 1035 1209 1060 cum
1224 1025 1408 1061 cohaeren-

213 1082 300 1118 tiam
326 1084 361 1118 et
387 1083 651 1128 quaternionum
679 1082 746 1118 VII
773 1084 807 1119 et
832 1083 931 1128 VIII,
957 1083 1049 1119 unde
1075 1084 1254 1128 quaternio
1272 1082 1353 1126 XII,
1373 1085 1408 1118 et

210 1141 400 1175 mediorum
427 1141 664 1185 quaternionis
690 1141 813 1176 XXXI
839 1142 1001 1176 foliorum
1019 1144 1075 1184 (ε
1096 1142 1155 1176 fol.
1174 1142 1240 1176 169
1258 1143 1292 1175 et
1313 1140 1407 1183 170),

210 1197 300 1233 unde
342 1198 521 1243 quaternio
563 1197 698 1233 XXXII
739 1198 897 1244 demptus
940 1200 1014 1241 est,
1056 1197 1288 1244 significatam
1331 1206 1406 1232 esse

213 1255 406 1296 videamus,
434 1256 548 1297 sedes,
576 1266 659 1300 quas
686 1256 788 1290 antea
813 1260 1065 1300 occupaverant
1082 1256 1321 1300 quaterniones
1346 1254 1408 1288 isti

212 1311 420 1357 transpositi,
447 1312 592 1357 syllabis
616 1312 653 1347 in
678 1312 835 1357 margine
860 1312 1016 1357 repetitis
1034 1311 1181 1347 indicari
1198 1313 1292 1347 recte
1311 1311 1406 1346 coni-

207 1370 350 1404 ciemus.

322 1425 415 1469 Quae
447 1426 643 1461 coniectura
675 1425 745 1460 alia
775 1436 812 1460 re
844 1425 1078 1461 confirmatur.
1130 1424 1216 1460 Cum
1252 1425 1405 1469 respecto

208 1485 330 1519 ordine
356 1494 376 1519 a
401 1483 598 1518 litterarum
622 1483 789 1527 scriptore
806 1483 970 1518 instituto
989 1482 1135 1518 eandem
1152 1483 1244 1517 inter
1269 1484 1409 1527 quater-

212 1543 329 1576 niones
354 1541 419 1576 XX
444 1542 481 1576 et
505 1540 590 1576 XXI
608 1551 712 1585 quam
730 1540 822 1575 inter
836 1539 954 1575 XXXI
978 1542 1013 1575 et
1036 1539 1173 1575 XXXII
1200 1540 1411 1575 intercedere

213 1599 383 1634 rationem
406 1598 664 1644 perspiciamus,
691 1597 835 1633 dubium
862 1608 934 1633 esse
961 1599 1097 1642 nequit,
1125 1598 1206 1641 quIn
1232 1596 1411 1641 quaternio

214 1656 323 1700 XXI,
350 1666 415 1702 quo
441 1657 595 1701 tempore
621 1665 728 1690 novus
753 1654 809 1690 hic
835 1655 916 1690 ordo
942 1654 1203 1696 instituebatur,
1232 1654 1269 1689 in
1298 1654 1412 1689 medio

215 1714 440 1760 quaternione
457 1713 523 1749 XX
548 1723 615 1749 non
641 1713 791 1759 amplius
818 1712 925 1748 fuerit
950 1712 1168 1753 conlocatus;
1195 1711 1275 1757 quia
1300 1721 1411 1757 neque

215 1771 376 1806 foliorum
413 1771 607 1806 mediorum
642 1770 874 1815 quaternionis
906 1769 972 1804 XX
1004 1780 1112 1815 neque
1147 1770 1411 1813 quaternionum

214 1828 279 1862 XX
304 1830 339 1870 et
364 1828 449 1864 XXI
476 1827 694 1863 cohaerentia
720 1827 945 1872 significatur.
996 1826 1219 1862 Idem'valet
1251 1827 1291 1861 de
1325 1835 1411 1870 qua-

215 1885 370 1920 ternione
396 1885 463 1927 VI,
490 1885 588 1920 cuius
615 1886 699 1920 item
725 1885 807 1920 folia
832 1884 947 1919 media
979 1884 1216 1928 coniungenda
1241 1893 1314 1917 esse
1339 1883 1413 1917 sine

213 1942 320 1978 dubio
338 1942 565 1989 significasset
591 1942 692 1977 homo
710 1942 770 1977 ille
789 1943 830 1977 de
849 1941 932 1977 libri
957 1942 1075 1977 ordine
1092 1939 1307 1975 restituendo
1325 1939 1414 1975 bene

215 2001 378 2043 meritus,
397 2000 426 2034 si
444 2001 705 2045 quaternionem
722 1999 896 2035 XXVIIII
912 1999 963 2034 ibi
980 1998 1197 2034 conlocatum
1215 1997 1413 2032 invenisset.

214 2060 328 2104 Atque
352 2057 505 2104 profecto
545 2067 625 2092 cum
663 2068 703 2093 ex
740 2056 867 2092 litteris
899 2056 1002 2101 ipsis,
1041 2055 1165 2100 quibus
1202 2055 1295 2100 prior
1332 2053 1414 2088 ordo

212 2115 431 2162 significatus
458 2116 543 2157 erat,
570 2124 608 2149 eo
634 2116 789 2159 tempore
815 2114 944 2150 codicis
970 2122 1152 2159 compages
1170 2113 1327 2147 firmatas
1345 2120 1415 2145 non

216 2184 288 2209 esse
324 2173 461 2219 pateat,
500 2171 581 2217 quia
621 2172 780 2207 connexis
817 2171 928 2207 artius
959 2171 1050 2206 inter
1085 2180 1122 2205 se
1155 2168 1319 2206 adhibitis
1355 2166 1415 2202 filo

214 2241 347 2276 acuque
372 2230 651 2276 quaternionibus
669 2228 807 2265 litterae
833 2237 1104 2275 supravacaneae
1128 2227 1300 2270 videntur,
1328 2235 1414 2271 qua-

333 2328 353 2363 ¹)
374 2324 546 2363 Exeipiendi
566 2326 638 2353 sunt
657 2324 866 2361 quaterniones
885 2322 914 2351 11
934 2323 965 2351 et
984 2321 1040 2358 111,
1055 2330 1179 2359 quorum
1193 2319 1412 2350 cohaerentiam

212 2373 382 2409 significari
402 2372 598 2402 necessarium
618 2372 681 2401 erat
700 2372 820 2409 propter
839 2378 994 2399 numerum
1016 2369 1025 2399 Ι
1046 2378 1064 2398 a
1083 2378 1172 2399 manu
1190 2368 1302 2398 saeculi
1315 2367 1416 2397 octavi

213 2420 285 2449 folio
308 2421 333 2448 1¹
362 2419 566 2457 quaternionis
586 2418 632 2449 111
652 2426 742 2455 prave
762 2417 956 2454 adscriptum.

1431 577 1571 599 Mutationis

1417 605 1585 634 significandae

1465 634 1536 657 ratim
