1721 2727
675 175 909 208 —51-

199 276 330 322 passim
354 277 390 312 in
425 277 612 312 exercenda
649 278 723 312 arte
756 276 877 312 critica
907 278 984 323 plus
1022 278 1173 313 acumini
1206 287 1309 322 quam
1334 288 1392 323 ge-

201 335 323 370 nuinae
355 334 542 380 scripturae
576 335 728 369 dandum
761 344 832 370 esse
858 336 1045 377 censerent,
1072 335 1233 380 perfacile
1259 335 1395 370 intelle-

201 390 307 436 gitur,
341 392 399 435 qui
431 391 562 426 factum
597 391 660 434 sit,
697 394 737 441 ut
763 391 867 426 codex
892 394 1029 427 tantum
1055 391 1219 436 temporis
1245 392 1396 436 spatium

201 459 279 483 cum
326 458 450 494 magno
491 449 539 483 rei
580 448 772 483 litterariae
814 448 938 484 damno
979 448 1200 484 obscuritatis
1243 448 1395 484 tenebris

200 508 405 551 tegeretur.-

314 581 452 616 Primus
477 580 537 626 qui
562 581 731 626 integram
752 581 877 616 codicis
894 580 1051 616 instituit
1069 582 1309 624 conlationem,
1330 581 1396 617 fuit

202 639 322 674 Barth.
347 638 564 682 Kopitarius.
598 634 709 673 Gessit
735 638 882 673 conlatio
907 639 976 673 ista
999 638 1036 673 in
1060 639 1089 673 I.
1116 638 1178 674 Th.
1198 638 1395 684 Kreyssigii

204 706 315 740 usum,
332 705 436 740 quam
456 695 499 729 ad
521 694 686 730 editiones
704 705 783 730 suas
803 695 1015 730 adornandas
1031 705 1156 740 magno
1184 706 1262 730 cum
1281 696 1396 731 fructu

204 752 379 788 adhibuit.
437 752 604 787 Attamen
646 752 799 788 multum
843 752 976 795 abfuit,
1018 754 1059 787 ut
1100 753 1249 788 conlatio
1289 754 1397 798 Kopi-

202 811 338 846 tariana
363 810 560 845 criticorum
580 809 756 845 severitati
774 810 955 845 sufficeret.
981 809 1074 845 Nam
1099 809 1171 855 ipse
1195 810 1397 855 Kopitarius

202 868 317 902 minus
339 869 498 902 accurate
530 877 601 901 rem
627 868 744 911 egerat
768 866 947 911 multaque
966 869 1027 901 aut
1046 877 1183 911 prorsus
1201 868 1399 911 neglexerat

204 925 265 959 aut
282 934 441 969 perverse
455 923 584 959 litteris
597 924 834 959 mandaverat.
854 923 949 967 Quae
966 934 1045 959 cum
1062 924 1113 959 ita
1129 924 1209 967 sint,
1231 934 1298 959 non
1323 935 1398 960 ma-

204 981 289 1016 ximi
315 981 507 1016 ducendam
533 990 607 1015 esse
633 980 863 1015 conlationem
888 980 991 1014 istam
1015 991 1076 1025 per
1100 990 1137 1015 se
1162 982 1273 1026 patet;
1301 991 1399 1016 acce-

204 1039 255 1073 dit
286 1038 421 1080 autem,
461 1039 548 1082 quod
576 1036 741 1072 lectiones
775 1037 948 1072 variantes
983 1047 1004 1072 a
1036 1037 1219 1082 Kopitario
1252 1038 1400 1073 traditae

202 1105 270 1130 non
296 1094 459 1130 continua
484 1094 689 1129 exhibentur
713 1095 817 1137 serie,
850 1094 908 1129 sed
934 1094 1040 1129 variis
1067 1094 1150 1129 locis
1176 1095 1399 1130 inveniuntur

204 1152 388 1197 dispersae.
438 1151 659 1196 Kreyssigius
692 1152 783 1185 enim
816 1150 851 1185 in
885 1152 1007 1186 neutra
1033 1151 1181 1186 editione
1208 1152 1397 1197 scripturas

206 1209 333 1258 codicis
360 1209 545 1254 indicavit3
578 1209 765 1253 posteriore
792 1210 930 1243 demum
956 1209 1107 1253 tempore
1132 1208 1229 1243 libris
1255 1209 1397 1244 minori-

204 1268 267 1302 bus
293 1266 478 1302 nonnullas
504 1266 696 1310 scripturae
723 1265 848 1300 codicis
867 1264 1113 1310 discrepantias
1131 1266 1276 1301 inseruit
1295 1268 1398 1311 atque

204 1325 239 1359 in
265 1323 561 1359 Adnotationibus
586 1322 634 1356 ad
661 1324 697 1357 T.
716 1322 813 1356 Livii
838 1322 942 1356 libros
962 1322 1360 1358 XXXXI—XXXX
1374 1325 1403 1358 1⁷

206 1381 368 1416 Misenae
405 1380 507 1416 editis
546 1390 576 1415 a.
612 1379 702 1415 1849
737 1379 1016 1425 supplementum
1042 1379 1235 1414 editionum
1262 1391 1399 1415 suarum

205 1439 366 1473 criticum
396 1438 596 1482 composuit.
645 1436 767 1480 Neque
793 1439 911 1471 tamen
938 1446 978 1471 ea
1002 1439 1055 1471 est
1080 1437 1182 1471 huius
1209 1437 1320 1472 libelli
1347 1438 1399 1472 in-

205 1495 317 1538 doles,
343 1496 378 1530 in
404 1505 469 1539 qua
494 1494 705 1538 acquiescere
730 1494 840 1537 possit
865 1493 924 1538 qui
950 1495 1060 1528 artem
1093 1494 1252 1528 criticam
1279 1494 1313 1528 in
1348 1494 1401 1528 his

205 1553 304 1588 libris
331 1552 384 1587 est
414 1551 638 1587 exerciturus.
656 1550 886 1596 Kopitariana
917 1551 1111 1586 conlatione
1144 1552 1264 1586 deinde
1296 1550 1399 1586 etiam

207 1611 234 1645 1.
262 1609 440 1644 Bekkerus
465 1618 545 1642 usus
572 1610 634 1642 est.
804 1619 806 1623 ¹

321 1685 519 1730 Antequam
549 1684 835 1730 Kreyssigius
866 1685 1142 1730 supplementum
1168 1686 1256 1721 illud
1282 1686 1400 1728 edidit,

207 1742 449 1778 Alschefskius
482 1753 614 1787 quoque
657 1743 809 1778 codicem
847 1744 994 1778 contulit
1034 1744 1283 1788 nonnullasque
1316 1753 1400 1788 quas

207 1799 289 1835 inde
315 1800 434 1835 hausit
460 1800 624 1835 lectiones
651 1800 828 1836 variantes
854 1801 1111 1836 commentariis
1137 1801 1293 1836 inseruit.
1336 1800 1400 1836 Sed

208 1868 315 1902 neque
329 1858 568 1893 Alschefskius
582 1858 646 1893 hac
665 1857 855 1893 conlatione
871 1868 945 1892 rem
964 1859 1005 1893 ad
1019 1859 1135 1893 vivum
1149 1858 1324 1901 resecavit,
1343 1859 1401 1903 qui

209 1925 252 1949 ne
278 1915 427 1949 sciamus
454 1914 592 1958 quidem
621 1915 737 1948 utrum
764 1914 934 1959 integram
963 1915 1189 1949 conlationem
1207 1915 1401 1950 instituerit

209 1971 359 2017 necne¹).
378 1972 479 2006 Anno
507 1972 597 2007 1846
623 1971 875 2017 Madvigius
900 1982 979 2006 cum
1004 1982 1063 2017 per
1089 1971 1311 2007 Germaniam
1336 1973 1403 2007 iter

210 2029 350 2071 faceret,
377 2029 493 2073 capita
516 2029 683 2063 nonnulla
709 2029 836 2064 codicis
863 2029 1096 2073 perlustravit,
1123 2029 1213 2063 unde
1232 2032 1335 2065 enata
1352 2032 1404 2064 est

207 2086 398 2132 disputatio
422 2084 463 2120 de
480 2084 577 2120 Livii
602 2084 685 2120 libri
714 2084 858 2120 XLIII
876 2085 979 2120 initio
1003 2097 1020 2120 e
1045 2085 1113 2120 cod.
1139 2085 1279 2121 Vindob.
1294 2098 1404 2121 emen-

210 2143 344 2186 dando,
382 2153 467 2188 quae
497 2143 655 2178 Hauniae
682 2153 713 2179 a.
741 2143 833 2179 1852
858 2144 995 2188 prodiit.
1045 2143 1111 2187 Qui
1148 2155 1226 2179 cum
1264 2144 1303 2179 in
1340 2144 1404 2179 hac

211 2200 359 2235 Liviani
389 2200 501 2245 operis
530 2202 630 2244 parte
653 2200 760 2244 pleno
790 2202 822 2234 et
851 2202 938 2235 certo
967 2201 1197 2236 instrumento
1221 2202 1274 2236 uti
1298 2201 1404 2243 vellet,

207 2269 241 2293 a.
271 2259 362 2295 1853
386 2258 510 2294 Joann.
545 2258 869 2294 Forchhammerum
904 2258 1055 2305 rogavit,
1081 2260 1132 2302 ut,
1160 2270 1237 2295 cum
1263 2258 1404 2294 Italiam

328 2392 347 2428 ¹)
370 2391 415 2421 Cf.
439 2390 553 2421 Hertzii
575 2390 664 2429 praef.
687 2390 730 2420 ed.
751 2390 868 2420 Livian.
896 2390 1024 2420 Tauehn.
1047 2391 1078 2420 T.
1101 2391 1152 2421 IV.
1173 2400 1200 2429 p.
1224 2391 1310 2420 VIII.

1252 2442 1292 2467 4*

1419 588 1567 610 Coulutiones

1409 617 1536 638 institutae
1562 622 1576 637 a

1428 645 1561 672 Kopitario.

1422 1693 1452 1714 ab
1463 1691 1572 1714 Alschef-

1412 1721 1463 1743 skio
1478 1722 1509 1754 3²².
1518 1720 1584 1742 Mad-

1462 1756 1535 1777 vrgio.
