1721 2727
744 174 1002 208 —120—

267 278 441 323 legamus,
470 287 536 311 non
561 277 669 312 solum
699 287 736 311 eo
762 278 918 321 tempore
943 278 977 312 id
1005 277 1138 312 factum
1165 288 1236 312 esse
1261 279 1375 322 patet,
1403 287 1469 322 quo

267 337 379 371 aestas
405 335 593 370 maximam
620 336 752 379 partem
780 334 849 369 iam
878 337 951 370 erat
977 336 1129 379 peracta,
1148 335 1207 370 sed
1225 335 1330 371 etiam
1345 335 1471 371 Persea

266 404 334 428 uon
360 396 434 427 tam
459 392 685 426 extrahere
711 391 891 425 relicum
916 397 1083 434 tempus
1116 393 1326 433 aestatis,
1366 403 1470 437 quam

266 451 357 485 stare
391 449 440 484 ibi
466 449 501 483 in
527 448 678 484 hibernis
703 449 740 484 in
767 449 882 484 animo
908 448 1086 491 habuisse,
1126 459 1204 484 cum
1238 449 1301 485 hoc
1327 449 1470 486 flumine

267 509 341 543 arte
375 517 442 541 non
468 507 602 541 munito
629 516 667 541 eo
693 509 832 541 tantum
859 510 1013 551 tempore
1050 509 1087 540 et
1124 507 1325 550 sospitem
1360 519 1400 542 se
1433 512 1471 543 et

266 566 461 607 saeptum
487 563 571 597 iter
596 563 738 598 hostis
764 563 939 598 credere
956 566 1079 608 posset,
1098 574 1164 608 quo
1183 564 1471 609 Elpeusfiiber-

267 621 336 655 nis
376 621 600 655 incitatus
635 620 810 664 pluviis
850 623 887 655 et
924 632 1060 665 supra
1101 631 1232 664 rupes
1270 621 1471 666 inqentes

263 677 465 722 yuryites
488 678 657 721 faceret
682 679 718 711 et
743 677 875 721 infra
895 680 1124 721 prorutam
1149 678 1196 712 in
1220 688 1336 713 mare
1361 678 1471 713 evol-

266 734 399 769 vendo
412 736 576 769 terram
588 733 827 779 praealtas
843 734 1075 780 vorayines
1092 737 1322 779 cavatoque
1335 734 1471 770 medio

266 790 385 825 alveo
409 791 539 834 ripas
563 792 784 835 utrimque
803 792 1087 835 praecipitis,
1106 792 1198 835 Quae
1224 803 1299 826 cum
1320 792 1371 826 ita
1388 791 1469 835 sint,

266 849 331 884 nisi
345 848 429 894 quid
444 847 569 883 insulsi
584 847 724 883 Livium
738 848 914 893 scripsisse
929 850 1090 884 arbitrari
1103 849 1275 893 malimus,
1283 848 1470 884 lectionem

268 907 450 951 vulgatam
476 906 659 940 defendere
687 906 782 939 nobis
808 906 879 940 iam
907 916 974 940 non
1000 906 1132 940 licebit.
1176 908 1290 950 Atque
1316 906 1469 950 profecto

268 963 397 998 mirum
424 963 478 997 est
504 961 714 997 correctione
725 989 733 1004 ,
771 972 858 1006 quae
884 962 919 996 in
945 963 1071 997 codicis
1099 963 1122 998 f.
1144 963 1227 999 109ν
1252 962 1276 997 l.
1293 962 1317 997 4
1341 962 1471 1008 legitur

270 1012 839 1058 EXTRAHEREARELIOUUM‚
858 1018 1088 1062 suspicionem
1115 1019 1196 1053 viris
1223 1019 1333 1053 doctis
1359 1018 1471 1053 adhuc

267 1085 334 1109 non
349 1084 423 1109 esse
438 1076 585 1114 motam3
613 1074 769 1118 equidem
784 1074 934 1118 ingenue
951 1074 1072 1115 fateor,
1087 1075 1157 1109 iam
1171 1076 1356 1120 antequam
1375 1084 1469 1109 com—

266 1131 469 1176 pendiorum
484 1141 584 1165 usum
597 1142 701 1174 supra
715 1131 908 1174 expositum
927 1132 1166 1173 animadverti,
1178 1134 1375 1175 corruptam
1383 1132 1471 1166 mihi

267 1188 381 1222 visam
391 1197 463 1221 esse
473 1188 562 1221 hanc
576 1187 785 1231 scripturam
801 1198 839 1221 ex
848 1187 964 1222 verbis
974 1186 1317 1223 EXTRAHERACL
1324 1187 1421 1223 EUM
1432 1185 1468 1231 ¹).

269 1245 367 1289 Quod
393 1244 445 1281 ita
472 1255 546 1279 esse
572 1254 663 1279 nunc
680 1244 853 1280 mordicus
872 1245 1055 1287 tenuerim,
1079 1245 1142 1287 nisi
1162 1246 1250 1290 quod
1264 1245 1470 1291 scripturam

267 1303 544 1347 compendiosam
595 1303 782 1347 archetypo
833 1302 1010 1337 vindicare
1062 1303 1185 1338 malim
1229 1303 1471 1337 EXTRAHE-

268 1358 433 1394 RAEUM
460 1358 520 1403 (Ξ
539 1357 698 1394 EXTRA
710 1358 991 1404 HERAclEUM).
1017 1359 1129 1394 Nemo
1156 1369 1223 1394 non
1242 1359 1347 1401 videt,
1366 1370 1470 1404 quam

268 1416 371 1451 facile
397 1417 472 1451 fieri
497 1416 667 1460 potuerit,
695 1418 734 1450 ut
761 1416 923 1451 librarius
950 1417 1094 1451 verbum
1121 1417 1200 1451 inde
1226 1416 1293 1451 sibi
1325 1416 1470 1460 fingeret

266 1473 536 1508 EXTRAHER·
562 1489 606 1503 z
627 1473 909 1508 EXTRAHERe.
954 1473 1166 1509 Crediderim
1192 1474 1300 1520 igitur
1327 1473 1382 1509 vel
1399 1473 1470 1507 iam

267 1531 303 1565 iu
330 1530 517 1575 archetypo
558 1531 613 1565 vel
654 1531 689 1564 in
727 1530 925 1574 apographo
958 1531 1210 1575 suprascriptas
1243 1531 1362 1576 postea
1396 1539 1469 1564 esse

997 1622 1000 1625 ,
1092 1587 1147 1622 CL

267 1635 403 1670 litteras
429 1634 640 1680 supplendas
666 1634 720 1670 CL
756 1635 813 1679 (ε
834 1635 1254 1680 EXTRAHERAEUM).
1304 1635 1379 1670 Iam
1412 1644 1469 1670 ac-

267 1692 422 1727 curatius
466 1692 624 1737 inspecto
667 1692 794 1726 codicis
834 1692 1111 1727 Vindobonensis
1153 1702 1266 1727 errore
1309 1690 1466 1727 videmus

267 1749 448 1784 librarium
477 1759 559 1784 cum
584 1759 646 1794 pro
664 1748 929 1792 EXTRAHER,
949 1750 1039 1794 quod
1057 1749 1301 1794 compendium
1319 1748 1468 1794 putaret,

267 1806 552 1842 EXTRAHERE
586 1806 797 1849 scripsisset,
833 1807 1054 1841 exaraturum
1081 1806 1185 1841 fuisse
1210 1807 1381 1851 proximas
1408 1806 1469 1841 lit-

266 1866 359 1899 teras
386 1863 537 1908 AEUM3
564 1863 624 1898 sed
652 1872 729 1897 mox
755 1864 947 1908 conspectis
973 1863 1102 1899 litteris
1129 1862 1182 1899 CL
1208 1863 1300 1899 vocis
1335 1863 1460 1899 RELI-

268 1921 368 1956 CUM
394 1922 594 1955 recordatus
626 1920 698 1954 iam
726 1920 875 1954 alterum
902 1921 1143 1964 compendium
1170 1923 1285 1955 m'ente
1303 1920 1370 1955 sibi
1388 1931 1468 1956 con-

269 1978 360 2023 cepit
374 1976 506 2012 REUM
520 1976 649 2011 litteris
664 1975 740 2010 istis
759 1976 1006 2021 suprascriptis
1024 1977 1232 2021 explendum
1251 1976 1465 2022 (RE150UM);

385 2152 405 2188 ¹)
428 2151 552 2180 Extra
574 2149 806 2179 Heracleum
828 2158 925 2186 regem
946 2148 1106 2178 tetendisse
1126 2149 1186 2178 dici
1207 2151 1326 2187 poterat
1346 2158 1364 2178 a
1383 2148 1469 2178 Livio

267 2201 329 2229 iure
349 2200 474 2235 merito,
506 2208 572 2228 cum
593 2199 770 2228 Heracleum
791 2198 825 2227 in
845 2207 923 2234 rupe
943 2199 1026 2227 amni
1045 2199 1219 2228 imminente
1235 2198 1371 2235 positum
1393 2199 1469 2227 esset

266 2248 314 2284 (cf.
346 2247 473 2282 XLIIII,
504 2249 536 2281 8,
568 2248 596 2282 9)
627 2246 646 2274 i.
677 2254 699 2274 e.
729 2247 792 2275 tam
819 2245 925 2283 exiguo
959 2255 976 2274 a
1009 2245 1113 2274 castris
1139 2245 1268 2275 distaret
1294 2245 1469 2282 intervallo,

266 2298 300 2324 ut
333 2295 416 2325 urbis
452 2294 557 2324 incolis
590 2294 677 2332 iynes
710 2294 753 2323 ad
786 2294 919 2331 Elpeum
953 2303 990 2323 esc
1023 2294 1100 2332 reqis
1132 2296 1241 2324 castris
1281 2293 1469 2330 adparereut

266 2344 315 2379 (cf.
330 2343 453 2377 XLIIH,
474 2345 499 2377 9,
522 2344 563 2378 2).
