1721 2727
87 1356 159 1384 XLII.
176 1358 212 1384 15,
229 1359 251 1381 9.

752 193 1011 244 ἱ-106-

284 306 382 331 nemo
407 297 540 343 artifeae
565 297 658 332 inire
682 296 854 331 rationem
873 295 1044 340 potuerit,
1082 295 1308 341 redemptores
1339 295 1483 349 nuntia—

282 348 379 388 runt.
399 353 456 390 Sic
469 354 574 400 vulgo
591 354 735 399 legitur3
762 354 821 389 sed
839 353 982 389 offendit
999 352 1221 389 vehementer
1233 355 1369 399 tempus
1383 363 1483 399 prae·
1531 347 1535 351 ’

283 421 361 446 sens
376 411 411 446 in
426 411 529 447 verbo
541 411 727 456 pertinent,
750 421 828 446 cum
846 411 952 446 verba.
968 421 1047 445 cum
1063 421 1150 445 cura
1166 411 1263 455 faeta
1288 419 1357 446 non
1381 411 1482 446 aliter

282 465 387 513 quam
419 469 553 513 tegulas
586 468 727 503 relictas
759 489 804 493 —-
833 468 982 511 potuerit
1020 478 1040 502 a
1073 468 1227 513 proximo
1264 467 1482 502 nuntiarunt

281 526 429 570 pendere
454 525 660 571 putaverim.
689 525 819 561 Verum
837 525 981 561 fortasse
998 525 1028 560 is
1046 525 1143 560 locus
1162 525 1205 560 ad
1223 524 1309 560 haec
1326 526 1481 571 exempla

280 583 346 617 erit
363 582 610 628 corrigendus:
634 582 785 625 XLIIII,
804 581 856 624 18,
879 585 895 618 1
918 581 1105 625 Extemplo
1121 581 1293 626 adparuit
1310 582 1479 625 omnibus,

278 650 349 674 non
373 640 523 684 seqniter
548 639 587 674 id
611 639 736 675 bellum
755 639 795 675 L.
815 639 1007 675 Aemilium
1023 641 1209 684 yesturum,
1231 642 1498 684 praeterquam*

277 696 368 740 quod
393 696 487 731 alias
511 697 567 731 vir
591 699 684 739 erat,
709 698 816 732 etiam
841 696 931 740 quod
955 696 1029 731 dies
1054 698 1230 740 noctesque
1257 696 1411 731 intentus
1435 708 1476 731 ea

276 753 361 796 sola,
388 765 475 798 quae
501 754 549 788 ad
574 754 612 789 id
645 754 771 789 bellum
804 754 1105 798 pertinerent,
1146 753 1267 788 animo
1303 753 1479 799 ayitabat;

275 821 376 856 porro
403 811 446 846 cf.
465 811 570 854 XLV,
602 811 654 854 16,
683 812 702 846 7
729 812 811 845 item
836 811 924 855 quod
950 811 997 846 ad
1022 811 1182 846 honorem
1208 810 1310 845 devm
1335 811 1475 845 immor-

275 867 404 902 talium
423 868 630 912 pertineret,
657 868 803 902 decrevit
829 870 981 910 senatus,
1007 859 1062 902 ut.
1079 896 1085 902 .
1103 895 1110 901 .
1134 867 1291 902 dona...
1320 867 1361 908 Q.
1389 867 1475 902 Cas-

275 925 350 960 sius
382 927 411 959 et
451 925 506 961 M.
540 925 723 960 Iuventius
755 928 935 970 praetores
972 927 1137 961 curarent
1172 924 1304 959 danda.
1355 925 1477 961 Malim

275 982 385 1027 igitur
410 984 562 1019 statuere
594 985 738 1018 duarum
773 984 970 1018 litterarum
1002 983 1162 1018 lacunam
1200 994 1239 1017 ex
1277 983 1475 1027 compendio

275 1040 467 1086 scripturae
507 1039 833 1086 (PERTINerENT)
872 1041 984 1076 ortam
1010 1042 1112 1085 atque
1145 1039 1312 1075 scribere:
1358 1039 1475 1084 Quae

273 1098 328 1132 ad
352 1098 617 1142 reliyionem
642 1098 937 1141 pertinerent,
975 1108 1065 1132 cum
1102 1108 1207 1132 cura
1238 1098 1378 1141 facta,
1414 1099 1474 1131 te-

271 1153 464 1199 qulas...

385 1352 427 1386 In
466 1352 542 1387 cod.
568 1352 592 1387 f.
620 1352 682 1388 32v
720 1352 743 1387 1.
774 1352 930 1394 13-14;
972 1352 1086 1394 XLII,
1128 1353 1182 1395 15,
1216 1353 1238 1388 9
1276 1351 1472 1388 invenimue

270 1409 359 1445 hanc
386 1409 612 1454 scripturam:
1042 1397 1055 1409 ⁵
1394 1436 1396 1439 -
1504 1403 1508 1408 ’

882 1466 1251 1510 SOPITUSQUIEXE

497 1522 1136 1575 MITAPROCLIUITINDECLIUss.
1152 1552 1159 1560 .
1176 1552 1184 1560 .
1200 1552 1207 1560 .
1222 1524 1250 1565 ι)

381 1590 514 1625 Iterum
530 1590 685 1625 unanimi
700 1600 865 1625 consensu
878 1594 912 1626 et
922 1591 1116 1637 Madvigius
1126 1592 1159 1626 et
1169 1590 1331 1639 Hertzius
1341 1590 1468 1636 Kreys-

266 1647 394 1691 sigium
412 1647 520 1682 secuti
540 1651 737 1692 proponunt
751 1648 946 1692 sopitusque
962 1659 1005 1682 ew
1019 1650 1140 1682 semita
1151 1647 1302 1691 proclivi
1316 1646 1415 1694 [ruit]
1433 1648 1468 1682 in

265 1703 401 1739 declive.
428 1704 493 1741 Sed
512 1715 566 1740 res
584 1705 672 1740 mihi
689 1705 792 1741 aliter
809 1716 846 1741 se
859 1706 982 1742 habere
998 1705 1146 1741 videtur.
1166 1704 1248 1748 Quis
1262 1704 1333 1740 iam
1350 1705 1467 1740 credat

265 1761 403 1796 Livium
420 1761 473 1797 ita
495 1765 656 1797 accurate
678 1763 888 1809 distinguere
918 1763 1009 1798 inter
1033 1763 1270 1807 proclivem
1294 1763 1465 1805 semitam,

266 1818 367 1863 unde,
396 1821 430 1853 et.
457 1819 550 1854 inter
575 1818 756 1862 declive,
784 1830 850 1865 quo
876 1820 1009 1865 sopitus
1035 1820 1143 1855 ruerit
1169 1820 1349 1861 Eumenes,
1368 1830 1465 1864 prae-

264 1876 385 1909 sertim
422 1886 499 1910 cum
536 1876 639 1921 paulo
677 1887 780 1921 supra
813 1877 983 1912 declivem
1020 1878 1162 1912 semitae
1194 1879 1355 1912 naturam
1380 1877 1465 1912 satis

263 1934 422 1968 accurate
447 1933 547 1968 nobis
564 1933 831 1980 descripseritff).
867 1934 907 1969 In
934 1934 1118 1981 archetypo
1143 1935 1215 1980 sine
1241 1934 1344 1969 dubio
1369 1934 1466 1980 lege-¹

263 1988 366 2024 batur
406 1989 862 2034 Pssoc-ITINDEOLIUE,
901 1994 991 2037 quod
1017 1992 1258 2037 compendium
1298 1991 1462 2027 librarius

264 2055 357 2080 more
383 2046 499 2087 solito‘¹
513 2048 642 2083 litteris
661 2058 681 2083 a
699 2049 855 2094 proxima
880 2059 967 2094 quae
993 2042 1212 2094 aliquantium
1238 2048 1270 2084 ei
1296 2050 1462 2094 quadrare

262 2102 438 2138 videretur
464 2114 545 2140 voce
562 2104 755 2151 praeceptis
782 2106 932 2150 explevit
949 2107 1127 2142 scribendo
1146 2105 1367 2142 PROOMIT.
1394 2106 1460 2142 Sed

375 2257 397 2293 ⁸)
419 2255 467 2285 Sic
488 2240 733 2294 (PROCLiUIT),
745 2266 805 2286 non
818 2258 959 2295 procliui,
970 2259 1048 2296 quod
1062 2258 1311 2295 Hertziusshabet,
1320 2258 1349 2286 in
1363 2258 1459 2287 codice

258 2302 378 2340 legitur.

375 2361 398 2397 ²)
421 2361 464 2391 cf.
489 2370 516 2392 v.
539 2365 556 2391 5
587 2362 698 2392 dextra
713 2372 792 2401 pare
812 2363 877 2393 labe
899 2367 997 2395 terrae
1016 2365 1050 2395 in
1072 2365 1266 2403 aliquantum
1286 2366 1460 2396 altitudinis

257 2406 388 2444 derupta
409 2412 484 2438 erat.
