1721 2727
70 1567 141 1594 XLV,
161 1569 195 1593 10,
210 1570 245 1590 ll.

723 146 981 182 —126-

254 261 294 285 ex
319 250 520 295 compendio
557 250 657 284 ΤΕΙΛΑ
678 263 722 279 =
741 249 916 291 T‘12EL·¹)‚
944 250 1033 294 quod
1058 250 1222 287 librarius
1248 252 1452 296 explendum
1507 250 1509 252 ’

255 308 430 343 censuerit
461 307 616 348 TE11¹1²L-,
644 307 694 342 ita
720 308 757 340 ut
783 316 842 351 pro
869 306 1114 342 NULL-TEL-
1145 317 1212 343 non
1237 309 1327 354 quod
1353 308 1453 345 debe-

256 366 316 401 bat
355 365 511 401 NULLA
553 364 753 404 TUTELA,
795 365 854 399 sed
891 364 1235 400 NULLOTEMPLO
1277 367 1451 403 scriberet.

256 423 372 467 Atque
398 422 552 466 profecto
585 423 636 456 est
668 421 751 456 haec
785 431 848 456 vox
875 421 973 456 Livio
999 421 1193 464 sollemnis,
1220 422 1280 458 ubi
1306 423 1348 458 de
1373 424 1455 459 deo-

256 490 331 514 rum
349 480 489 514 numine
508 479 690 523 praesente
709 478 871 523 loquitur,
886 472 975 524 quod
992 478 1035 513 ab
1053 478 1095 513 iis
1113 479 1326 523 praesertim,
1341 480 1454 525 quiin

256 536 394 580 templis
420 538 728 576 commorarentur,
754 536 875 573 sentiri
901 536 1047 570 Romani
1065 535 1253 580 putabant3
1281 537 1456 580 of.1,6,4

254 594 292 627 ut
314 592 386 635 dii,
420 603 600 636 quorum
625 591 786 627 tutelae
817 604 863 627 ea
898 592 991 627 loca
1028 595 1184 635 essent,
1222 593 1385 638 auguriis
1409 593 1454 628 le-

251 651 381 696 yerent,
408 649 469 694 qut
494 660 619 685 nomen
645 660 751 684 novae
776 649 857 684 urbi
882 649 1000 694 daret,-
1036 650 1083 693 ΙΙ,
1112 650 1142 693 1,
1168 650 1192 685 4
1216 650 1289 686 sub
1315 650 1456 686 tutela

254 707 464 742 inviolati
490 707 651 750 tempti.
688 706 741 742 Ne
767 708 842 752 quis
869 718 949 742 vero
976 707 1205 743 formularum
1229 708 1331 743 nulla
1347 708 1457 743 tutela

255 764 360 797 nulla
385 774 462 806 ope,
496 773 643 807 quarum
669 766 814 807 utraque
850 765 941 798 idem
976 763 1047 798 fere
1082 764 1269 808 significet,
1309 765 1455 799 alteram

254 820 370 855 utram
408 821 584 857 abundare
621 820 819 863 arbitretur,
853 820 957 857 liceat
989 823 1024 856 et
1055 820 1187 857 adferre
1219 823 1332 857 locum
1358 821 1456 857 simi-

254 877 323 911 lem
354 877 506 919 XXIIII,
541 879 573 919 8,
612 878 694 913 19..
727 878 882 912 consules
914 879 1048 920 creetis,
1085 879 1207 922 quibus
1243 882 1459 913 sacramento

256 934 356 970 libert
393 935 495 969 vestra⁸
526 935 665 977 dicant,
705 934 753 969 ad
784 946 931 979 quorum
955 935 1104 970 edictum
1137 936 1360 978 conveniant,
1397 937 1459 971 sub

255 1002 402 1035 quorum
427 991 567 1026 tutela
599 994 727 1035 atque
752 1003 858 1026 cura
890 992 1103 1032 militent,
1132 996 1167 1027 et
1193 993 1230 1027 in
1257 986 1459 1029 memoriam

255 1060 414 1085 revocare
440 1050 549 1084 etiam
574 1050 610 1084 in
636 1051 790 1084 eiusdem
817 1048 989 1084 enuntiati
1024 1052 1176 1085 membro
1211 1052 1323 1095 priore
1359 1051 1459 1094 for·
1505 1074 1507 1076 -

254 1109 405 1142 tunam
430 1106 611 1151 deosque
637 1117 657 1142 a
682 1107 806 1142 Perseo
833 1107 996 1143 accusari.
1049 1107 1161 1152 Quare
1187 1109 1325 1144 tantum
1351 1109 1459 1150 abest,

255 1165 296 1199 ut
322 1165 555 1207 tautologiam,
579 1174 666 1207 quae
685 1167 838 1198 ceterum
858 1166 1034 1199 miseranti
1054 1166 1180 1208 optime
1198 1167 1368 1206 convenit,
1386 1165 1460 1198 effi-

256 1222 386 1256 ciamus
420 1221 568 1261 inanem,
597 1222 634 1254 ut
665 1220 826 1255 orationis
852 1220 1043 1265 aequalitas
1069 1220 1205 1266 egregie
1229 1223 1405 1266 augeatur,
1432 1220 1462 1255 si

255 1279 463 1313 scribamus:
489 1281 579 1312 tum
596 1288 684 1313 sese
700 1278 937 1322 filiumque
957 1278 1137 1312 Octavio
1161 1279 1354 1312 tradidit
1376 1280 1461 1323 for-

255 1337 402 1369 tunam
443 1334 638 1378 deosque,
679 1345 858 1378 quorum
885 1332 955 1382 [in]
983 1335 1137 1378 templo
1162 1337 1302 1379 erant,
1330 1334 1462 1369 nulla

256 1393 413 1435 tutela,
453 1391 584 1426 nulla
618 1401 693 1435 ope
725 1391 964 1435 supplicem
997 1392 1200 1428 iuvantis
1237 1403 1460 1428 accusans.

377 1543 490 1577 Verba
516 1542 642 1578 codicis
669 1543 691 1577 f.
720 1542 800 1579 155¹
826 1542 849 1579 1.
881 1543 923 1578 10
937 1543 1016 1577 —11
1063 1542 1180 1587 (XLV,
1211 1543 1264 1585 10,
1296 1544 1367 1586 11):

613 1599 1292 1643 QUAEOMNIASITAMENPOPULO

437 1656 1291 1692 FORETINCAPITANOXIORUMUERSURA

262 1724 476 1759 quamquam
502 1715 595 1748 recte
622 1715 656 1748 et
681 1714 984 1749 Weissenbornius
1003 1716 1036 1748 et
1055 1713 1463 1749 Hoffmann-Peerlkam-

260 1772 339 1816 pius
372 1771 618 1807 restituerunt:
644 1782 731 1814 quae
762 1771 893 1813 omnia,
920 1770 951 1805 si
977 1781 1072 1805 sana
1097 1781 1193 1805 mens
1211 1770 1343 1815 populo
1366 1771 1464 1815 foret,

260 1828 301 1862 in
329 1828 448 1872 capita
474 1828 660 1862 noxiorum
691 1838 851 1873 versura,
891 1830 1008 1862 tamen
1047 1827 1277 1872 rectractabo,
1316 1827 1466 1873 primum

262 1886 345 1929 quia
387 1896 606 1929 nequaquam
650 1895 766 1919 omnes
798 1885 946 1919 editores
985 1885 1022 1918 in
1060 1895 1137 1919 eam
1170 1884 1295 1919 abiisse
1327 1874 1467 1919 seuten-

263 1940 370 1984 tiam,
410 1942 470 1977 sed
504 1941 616 1977 adhuc
650 1942 768 1976 tenere
794 1941 959 1978 Gronovii
985 1941 1219 1977 coniecturam
1246 1941 1279 1976 si
1304 1952 1345 1975 ea
1369 1951 1466 1976 mens

267 2000 445 2034 Hertzium
473 2000 580 2039 video,
614 1998 738 2033 deinde
765 1999 844 2043 quia
878 2000 911 2033 et
938 1999 1009 2043 lpse
1035 2009 1111 2034 mea
1136 1998 1401 2034 ratiocinatione
1428 1998 1466 2033 in

265 2058 411 2091 eandem
434 2056 667 2090 coniecturam
694 2055 799 2090 incidi
824 2056 926 2100 atque
946 2055 1073 2090 habere
1093 2065 1147 2089 me
1170 2057 1254 2099 puto
1274 2065 1361 2100 quae
1387 2065 1466 2100 pro-

265 2114 379 2149 feram
404 2112 447 2148 ad
474 2113 748 2156 confirmandam
774 2122 852 2147 eam
869 2113 1075 2157 argumenta
1091 2112 1174 2147 satis
1191 2113 1320 2157 gravia.
1348 2112 1466 2147 Lectio

263 2180 359 2204 sana
383 2179 482 2203 mens
507 2180 574 2204 non
601 2171 716 2205 solum
741 2170 870 2213 optime
896 2170 976 2204 huic
1002 2169 1074 2203 loco
1092 2170 1285 2212 respondet,
1304 2168 1364 2203 sed
1383 2168 1467 2203 loeis

383 2314 402 2348 ¹)
425 2312 469 2342 Cf.
489 2313 509 2341 f.
531 2315 581 2342 30'
601 2312 622 2341 l.
644 2314 680 2342 25
702 2310 807 2348 (XLII,
831 2312 874 2344 13,
897 2314 942 2344 11)
964 2310 1049 2340 'I'UM
1069 2323 1105 2336 =
1127 2308 1248 2345 'ru‘UM;
1270 2316 1354 2346 porro
1375 2308 1398 2339 f.
1420 2311 1470 2338 72*

270 2359 289 2390 l.
313 2362 347 2389 10
368 2359 478 2397 (XLII,
500 2362 546 2394 60,
570 2360 598 2395 7)
626 2357 727 2389 ΤΟΤΟ
749 2367 800 2397 pro
821 2356 925 2388 TUTO
946 2359 1046 2387 ortum
1067 2367 1101 2387 ex
1122 2355 1202 2386 Tu‘O.
