<?xml version="1.0" encoding="UTF-8"?>
<!DOCTYPE html PUBLIC "-//W3C//DTD XHTML 1.0 Transitional//EN"
    "http://www.w3.org/TR/xhtml1/DTD/xhtml1-transitional.dtd">
<html xmlns="http://www.w3.org/1999/xhtml" xml:lang="en" lang="en">
 <head>
  <title>
</title>
<meta http-equiv="Content-Type" content="text/html;charset=utf-8" />
  <meta name='ocr-system' content='tesseract 3.04.00' />
  <meta name='ocr-capabilities' content='ocr_page ocr_carea ocr_par ocr_line ocrx_word'/>
</head>
<body>
  <div class='ocr_page' id='page_1' title='image "4771788_0146.png"; bbox 0 0 1721 2727; ppageno 0'>
   <div class='ocr_carea' id='block_1_1' title="bbox 741 153 998 189">
    <p class='ocr_par' dir='ltr' id='par_1_1' title="bbox 741 153 998 189">
     <span class='ocr_line' id='line_1_1' title="bbox 741 153 998 189; baseline 0.004 -11"><span class='ocrx_word' id='word_1_1' title='bbox 741 153 998 189; x_wconf 63' lang='lat'>—130—</span> 
     </span>
    </p>
   </div>
   <div class='ocr_carea' id='block_1_2' title="bbox 268 255 1469 876">
    <p class='ocr_par' dir='ltr' id='par_1_2' title="bbox 268 255 1469 876">
     <span class='ocr_line' id='line_1_2' title="bbox 383 255 1468 300; baseline 0.005 -11"><span class='ocrx_word' id='word_1_2' title='bbox 383 255 502 300; x_wconf 90' lang='lat' dir='ltr'><strong>Atque</strong></span> <span class='ocrx_word' id='word_1_3' title='bbox 543 255 696 300; x_wconf 89' lang='lat' dir='ltr'><strong>profecto</strong></span> <span class='ocrx_word' id='word_1_4' title='bbox 737 255 825 291; x_wconf 92' lang='lat' dir='ltr'><strong>mihi</strong></span> <span class='ocrx_word' id='word_1_5' title='bbox 857 257 1053 292; x_wconf 83' lang='lat' dir='ltr'>accuratius</span> <span class='ocrx_word' id='word_1_6' title='bbox 1087 258 1319 294; x_wconf 76' lang='lat' dir='ltr'><strong>consideranti</strong></span> <span class='ocrx_word' id='word_1_7' title='bbox 1344 257 1468 294; x_wconf 90' lang='lat' dir='ltr'><strong>codicis</strong></span> 
     </span>
     <span class='ocr_line' id='line_1_3' title="bbox 273 312 1468 363; baseline 0.003 -15"><span class='ocrx_word' id='word_1_8' title='bbox 273 313 377 348; x_wconf 88' lang='lat' dir='ltr'><strong>verba</strong></span> <span class='ocrx_word' id='word_1_9' title='bbox 402 313 518 348; x_wconf 84' lang='lat' dir='ltr'><strong>sanari</strong></span> <span class='ocrx_word' id='word_1_10' title='bbox 542 323 642 358; x_wconf 85' lang='lat' dir='ltr'><strong>posse</strong></span> <span class='ocrx_word' id='word_1_11' title='bbox 661 312 833 349; x_wconf 88' lang='lat' dir='ltr'><strong>videntur.</strong></span> <span class='ocrx_word' id='word_1_12' title='bbox 860 314 1028 359; x_wconf 85' lang='lat' dir='ltr'><strong>Equidem</strong></span> <span class='ocrx_word' id='word_1_13' title='bbox 1046 316 1242 360; x_wconf 88' lang='lat' dir='ltr'><strong>putaverim</strong></span> <span class='ocrx_word' id='word_1_14' title='bbox 1259 315 1468 363; x_wconf 63' lang='lat' dir='ltr'><strong>DE-lTEM</strong></span> 
     </span>
     <span class='ocr_line' id='line_1_4' title="bbox 270 368 1467 417; baseline 0.003 -13"><span class='ocrx_word' id='word_1_15' title='bbox 270 368 480 414; x_wconf 71' lang='lat' dir='ltr'><strong>AOTATP)</strong></span> <span class='ocrx_word' id='word_1_16' title='bbox 510 371 531 405; x_wconf 92' lang='lat' dir='ltr'><strong>i.</strong></span> <span class='ocrx_word' id='word_1_17' title='bbox 551 381 579 405; x_wconf 90' lang='lat' dir='ltr'><strong>e.</strong></span> <span class='ocrx_word' id='word_1_18' title='bbox 608 370 834 406; x_wconf 69' lang='lat' dir='ltr'>DvcENTEM</span> <span class='ocrx_word' id='word_1_19' title='bbox 859 371 1100 417; x_wconf 63' lang='lat' dir='ltr'><strong>ACTATmP)</strong></span> <span class='ocrx_word' id='word_1_20' title='bbox 1126 372 1203 407; x_wconf 88' lang='lat' dir='ltr'><strong>inde</strong></span> <span class='ocrx_word' id='word_1_21' title='bbox 1221 375 1365 408; x_wconf 82' lang='lat' dir='ltr'><strong>enatum</strong></span> <span class='ocrx_word' id='word_1_22' title='bbox 1383 383 1467 416; x_wconf 91' lang='lat' dir='ltr'><strong>esse,</strong></span> 
     </span>
     <span class='ocr_line' id='line_1_5' title="bbox 271 427 1469 476; baseline 0.003 -14"><span class='ocrx_word' id='word_1_23' title='bbox 271 427 362 472; x_wconf 86' lang='lat' dir='ltr'><strong>quod</strong></span> <span class='ocrx_word' id='word_1_24' title='bbox 387 428 548 463; x_wconf 88' lang='lat' dir='ltr'><strong>librarius</strong></span> <span class='ocrx_word' id='word_1_25' title='bbox 573 429 727 464; x_wconf 80' lang='lat' dir='ltr'><strong>litteram</strong></span> <span class='ocrx_word' id='word_1_26' title='bbox 753 430 791 465; x_wconf 89' lang='lat' dir='ltr'><strong><em>M</em></strong></span> <span class='ocrx_word' id='word_1_27' title='bbox 817 428 859 465; x_wconf 89' lang='lat' dir='ltr'><strong>ab</strong></span> <span class='ocrx_word' id='word_1_28' title='bbox 887 440 927 466; x_wconf 90' lang='lat' dir='ltr'><strong>eo</strong></span> <span class='ocrx_word' id='word_1_29' title='bbox 958 431 1016 475; x_wconf 87' lang='lat' dir='ltr'><strong>qui</strong></span> <span class='ocrx_word' id='word_1_30' title='bbox 1049 429 1206 466; x_wconf 82' lang='lat' dir='ltr'><strong>dictabat</strong></span> <span class='ocrx_word' id='word_1_31' title='bbox 1242 441 1303 475; x_wconf 89' lang='lat' dir='ltr'><strong>per</strong></span> <span class='ocrx_word' id='word_1_32' title='bbox 1327 442 1363 466; x_wconf 87' lang='lat' dir='ltr'><strong>se</strong></span> <span class='ocrx_word' id='word_1_33' title='bbox 1389 441 1469 476; x_wconf 90' lang='lat' dir='ltr'><strong>pro-</strong></span> 
     </span>
     <span class='ocr_line' id='line_1_6' title="bbox 270 485 1468 531; baseline 0.003 -12"><span class='ocrx_word' id='word_1_34' title='bbox 270 485 467 520; x_wconf 87' lang='lat' dir='ltr'><strong>nuntiatam</strong></span> <span class='ocrx_word' id='word_1_35' title='bbox 491 485 746 521; x_wconf 78' lang='lat' dir='ltr'><strong>terminationis</strong></span> <span class='ocrx_word' id='word_1_36' title='bbox 765 486 938 531; x_wconf 80' lang='lat' dir='ltr'><strong>syllabam</strong></span> <span class='ocrx_word' id='word_1_37' title='bbox 951 487 1017 522; x_wconf 87' lang='lat' dir='ltr'><strong>EM</strong></span> <span class='ocrx_word' id='word_1_38' title='bbox 1035 487 1178 523; x_wconf 85' lang='lat' dir='ltr'><strong>haberet</strong></span> <span class='ocrx_word' id='word_1_39' title='bbox 1196 488 1298 523; x_wconf 90' lang='lat' dir='ltr'><strong>verbo</strong></span> <span class='ocrx_word' id='word_1_40' title='bbox 1312 488 1468 523; x_wconf 62' lang='lat' dir='ltr'>DwENT</span> 
     </span>
     <span class='ocr_line' id='line_1_7' title="bbox 270 541 1466 589; baseline 0.003 -13"><span class='ocrx_word' id='word_1_41' title='bbox 270 541 485 577; x_wconf 86' lang='lat' dir='ltr'><strong>adiciendam</strong></span> <span class='ocrx_word' id='word_1_42' title='bbox 495 555 504 588; x_wconf 80' lang='lat'><em>3</em></span> <span class='ocrx_word' id='word_1_43' title='bbox 541 542 577 577; x_wconf 91' lang='lat' dir='ltr'><strong>id</strong></span> <span class='ocrx_word' id='word_1_44' title='bbox 615 543 704 588; x_wconf 90' lang='lat' dir='ltr'><strong>quod</strong></span> <span class='ocrx_word' id='word_1_45' title='bbox 739 553 800 579; x_wconf 90' lang='lat' dir='ltr'><strong>suo</strong></span> <span class='ocrx_word' id='word_1_46' title='bbox 826 544 1078 589; x_wconf 85' lang='lat' dir='ltr'><strong>quodammodo</strong></span> <span class='ocrx_word' id='word_1_47' title='bbox 1102 544 1177 580; x_wconf 86' lang='lat' dir='ltr'><strong>iure</strong></span> <span class='ocrx_word' id='word_1_48' title='bbox 1214 544 1353 587; x_wconf 85' lang='lat' dir='ltr'><strong>fecerit,</strong></span> <span class='ocrx_word' id='word_1_49' title='bbox 1388 555 1466 580; x_wconf 89' lang='lat' dir='ltr'><strong>nam</strong></span> 
     </span>
     <span class='ocr_line' id='line_1_8' title="bbox 270 599 1468 647; baseline 0.003 -14"><span class='ocrx_word' id='word_1_50' title='bbox 270 609 348 633; x_wconf 88' lang='lat' dir='ltr'><strong>cum</strong></span> <span class='ocrx_word' id='word_1_51' title='bbox 381 599 422 634; x_wconf 89' lang='lat' dir='ltr'><strong>de</strong></span> <span class='ocrx_word' id='word_1_52' title='bbox 462 600 664 644; x_wconf 89' lang='lat' dir='ltr'><strong>compendio</strong></span> <span class='ocrx_word' id='word_1_53' title='bbox 702 610 777 635; x_wconf 87' lang='lat' dir='ltr'><strong>non</strong></span> <span class='ocrx_word' id='word_1_54' title='bbox 802 602 989 647; x_wconf 76' lang='lat' dir='ltr'><strong>cogitaret,</strong></span> <span class='ocrx_word' id='word_1_55' title='bbox 1030 601 1106 637; x_wconf 88' lang='lat' dir='ltr'><strong>voci</strong></span> <span class='ocrx_word' id='word_1_56' title='bbox 1144 602 1268 637; x_wconf 85' lang='lat' dir='ltr'>DENT</span> <span class='ocrx_word' id='word_1_57' title='bbox 1301 602 1468 637; x_wconf 85' lang='lat' dir='ltr'><strong>termina-</strong></span> 
     </span>
     <span class='ocr_line' id='line_1_9' title="bbox 269 656 1469 706; baseline 0.003 -16"><span class='ocrx_word' id='word_1_58' title='bbox 269 656 399 691; x_wconf 87' lang='lat' dir='ltr'><strong>tionem</strong></span> <span class='ocrx_word' id='word_1_59' title='bbox 437 656 625 703; x_wconf 88' lang='lat' dir='ltr'><strong>adpingere</strong></span> <span class='ocrx_word' id='word_1_60' title='bbox 668 667 734 693; x_wconf 89' lang='lat' dir='ltr'><strong>non</strong></span> <span class='ocrx_word' id='word_1_61' title='bbox 778 658 962 694; x_wconf 87' lang='lat' dir='ltr'><strong>dubitavit.</strong></span> <span class='ocrx_word' id='word_1_62' title='bbox 1012 659 1142 705; x_wconf 90' lang='lat' dir='ltr'><strong>Legam</strong></span> <span class='ocrx_word' id='word_1_63' title='bbox 1179 659 1304 706; x_wconf 88' lang='lat' dir='ltr'><strong>igitur:</strong></span> <span class='ocrx_word' id='word_1_64' title='bbox 1345 656 1469 694; x_wconf 82' lang='lat' dir='ltr'><strong>Omnis</strong></span> 
     </span>
     <span class='ocr_line' id='line_1_10' title="bbox 268 713 1468 753; baseline 0.003 -5"><span class='ocrx_word' id='word_1_65' title='bbox 268 713 353 748; x_wconf 77' lang='lat' dir='ltr'><strong>illas</strong></span> <span class='ocrx_word' id='word_1_66' title='bbox 383 714 608 749; x_wconf 77' lang='lat' dir='ltr'><strong>victimas...</strong></span> <span class='ocrx_word' id='word_1_67' title='bbox 640 715 735 750; x_wconf 73' lang='lat' dir='ltr'><strong>alias</strong></span> <span class='ocrx_word' id='word_1_68' title='bbox 772 715 844 751; x_wconf 86' lang='lat' dir='ltr'><strong>alio</strong></span> <span class='ocrx_word' id='word_1_69' title='bbox 882 716 1004 751; x_wconf 76' lang='lat' dir='ltr'><strong>ducent</strong></span> <span class='ocrx_word' id='word_1_70' title='bbox 1038 717 1230 752; x_wconf 71' lang='lat' dir='ltr'><strong>mactatum·</strong></span> <span class='ocrx_word' id='word_1_71' title='bbox 1239 717 1258 752; x_wconf 75' lang='lat'><strong>‚9</strong></span> <span class='ocrx_word' id='word_1_72' title='bbox 1296 718 1319 752; x_wconf 90' lang='lat' dir='ltr'><strong>i.</strong></span> <span class='ocrx_word' id='word_1_73' title='bbox 1346 728 1375 753; x_wconf 86' lang='lat' dir='ltr'><strong>e.</strong></span> <span class='ocrx_word' id='word_1_74' title='bbox 1403 716 1468 752; x_wconf 89' lang='lat' dir='ltr'><strong>viri</strong></span> 
     </span>
     <span class='ocr_line' id='line_1_11' title="bbox 269 772 1466 818; baseline 0.004 -13"><span class='ocrx_word' id='word_1_75' title='bbox 269 772 443 814; x_wconf 76' lang='lat' dir='ltr'><strong>senatorii,</strong></span> <span class='ocrx_word' id='word_1_76' title='bbox 470 782 548 807; x_wconf 88' lang='lat' dir='ltr'><strong>cum</strong></span> <span class='ocrx_word' id='word_1_77' title='bbox 575 772 694 816; x_wconf 86' lang='lat' dir='ltr'><strong>epulas</strong></span> <span class='ocrx_word' id='word_1_78' title='bbox 721 772 951 818; x_wconf 86' lang='lat' dir='ltr'><strong>triumphales</strong></span> <span class='ocrx_word' id='word_1_79' title='bbox 977 773 1113 818; x_wconf 88' lang='lat' dir='ltr'><strong>privato</strong></span> <span class='ocrx_word' id='word_1_80' title='bbox 1141 774 1215 809; x_wconf 88' lang='lat' dir='ltr'><strong>loco</strong></span> <span class='ocrx_word' id='word_1_81' title='bbox 1241 773 1466 810; x_wconf 82' lang='lat' dir='ltr'><strong>celebrandas</strong></span> 
     </span>
     <span class='ocr_line' id='line_1_12' title="bbox 269 830 679 876; baseline -0.002 -12"><span class='ocrx_word' id='word_1_82' title='bbox 269 839 336 864; x_wconf 93' lang='lat' dir='ltr'><strong>non</strong></span> <span class='ocrx_word' id='word_1_83' title='bbox 364 840 436 865; x_wconf 89' lang='lat' dir='ltr'><strong>esse</strong></span> <span class='ocrx_word' id='word_1_84' title='bbox 463 830 528 876; x_wconf 85' lang='lat' dir='ltr'><strong>ipsi</strong></span> <span class='ocrx_word' id='word_1_85' title='bbox 555 831 679 866; x_wconf 83' lang='lat' dir='ltr'><strong>sciatis.</strong></span> 
     </span>
    </p>
   </div>
   <div class='ocr_carea' id='block_1_3' title="bbox 266 907 1468 1185">
    <p class='ocr_par' dir='ltr' id='par_1_3' title="bbox 266 907 1468 1185">
     <span class='ocr_line' id='line_1_13' title="bbox 382 907 1467 953; baseline 0.003 -12"><span class='ocrx_word' id='word_1_86' title='bbox 382 907 514 942; x_wconf 87' lang='lat' dir='ltr'><strong>Verum</strong></span> <span class='ocrx_word' id='word_1_87' title='bbox 541 910 649 942; x_wconf 87' lang='lat' dir='ltr'><strong>restat</strong></span> <span class='ocrx_word' id='word_1_88' title='bbox 675 909 870 944; x_wconf 90' lang='lat' dir='ltr'><strong>sanandum</strong></span> <span class='ocrx_word' id='word_1_89' title='bbox 897 911 986 953; x_wconf 91' lang='lat' dir='ltr'><strong>quod</strong></span> <span class='ocrx_word' id='word_1_90' title='bbox 1011 910 1065 944; x_wconf 91' lang='lat' dir='ltr'><strong>his</strong></span> <span class='ocrx_word' id='word_1_91' title='bbox 1090 909 1206 944; x_wconf 89' lang='lat' dir='ltr'><strong>verbis</strong></span> <span class='ocrx_word' id='word_1_92' title='bbox 1224 910 1398 944; x_wconf 90' lang='lat' dir='ltr'><strong>insertum</strong></span> <span class='ocrx_word' id='word_1_93' title='bbox 1417 910 1467 944; x_wconf 93' lang='lat' dir='ltr'><strong>in-</strong></span> 
     </span>
     <span class='ocr_line' id='line_1_14' title="bbox 270 964 1466 1014; baseline 0.003 -16"><span class='ocrx_word' id='word_1_94' title='bbox 270 964 427 1000; x_wconf 88' lang='lat' dir='ltr'><strong>venimus</strong></span> <span class='ocrx_word' id='word_1_95' title='bbox 441 966 661 1001; x_wconf 91' lang='lat' dir='ltr'><strong>enuntiatum</strong></span> <span class='ocrx_word' id='word_1_96' title='bbox 676 965 1179 1014; x_wconf 78' lang='lat' dir='ltr'><strong>QUASTRADUOENDOINJ</strong></span> <span class='ocrx_word' id='word_1_97' title='bbox 1200 966 1466 1003; x_wconf 86' lang='lat' dir='ltr'>TRIUMPHO-</span> 
     </span>
     <span class='ocr_line' id='line_1_15' title="bbox 269 1022 1467 1069; baseline 0.002 -12"><span class='ocrx_word' id='word_1_98' title='bbox 269 1022 559 1059; x_wconf 83' lang='lat' dir='ltr'>UINDICAUIT.</span> <span class='ocrx_word' id='word_1_99' title='bbox 601 1025 715 1069; x_wconf 88' lang='lat' dir='ltr'><strong>Atque</strong></span> <span class='ocrx_word' id='word_1_100' title='bbox 743 1024 887 1059; x_wconf 88' lang='lat' dir='ltr'><strong>verbum</strong></span> <span class='ocrx_word' id='word_1_101' title='bbox 913 1023 1196 1060; x_wconf 83' lang='lat' dir='ltr'><strong>UINDICAUIT</strong></span> <span class='ocrx_word' id='word_1_102' title='bbox 1225 1024 1308 1059; x_wconf 86' lang='lat' dir='ltr'><strong>ferri</strong></span> <span class='ocrx_word' id='word_1_103' title='bbox 1326 1024 1467 1069; x_wconf 84' lang='lat' dir='ltr'><strong>nequire</strong></span> 
     </span>
     <span class='ocr_line' id='line_1_16' title="bbox 268 1080 1468 1126; baseline 0.002 -13"><span class='ocrx_word' id='word_1_104' title='bbox 268 1080 357 1114; x_wconf 88' lang='lat' dir='ltr'><strong>inter</strong></span> <span class='ocrx_word' id='word_1_105' title='bbox 395 1090 513 1115; x_wconf 90' lang='lat' dir='ltr'><strong>omnes</strong></span> <span class='ocrx_word' id='word_1_106' title='bbox 547 1082 709 1117; x_wconf 82' lang='lat' dir='ltr'><strong>convenit</strong></span> <span class='ocrx_word' id='word_1_107' title='bbox 742 1083 901 1126; x_wconf 88' lang='lat' dir='ltr'><strong>recteque</strong></span> <span class='ocrx_word' id='word_1_108' title='bbox 933 1082 1003 1116; x_wconf 88' lang='lat' dir='ltr'><strong>iam</strong></span> <span class='ocrx_word' id='word_1_109' title='bbox 1034 1081 1062 1116; x_wconf 92' lang='grc' dir='ltr'><strong>Ι.</strong></span> <span class='ocrx_word' id='word_1_110' title='bbox 1089 1082 1144 1116; x_wconf 86' lang='lat' dir='ltr'><strong>Fr.</strong></span> <span class='ocrx_word' id='word_1_111' title='bbox 1180 1081 1374 1118; x_wconf 85' lang='lat' dir='ltr'><strong>Gronovius</strong></span> <span class='ocrx_word' id='word_1_112' title='bbox 1415 1091 1468 1115; x_wconf 89' lang='lat' dir='ltr'><strong>re-</strong></span> 
     </span>
     <span class='ocr_line' id='line_1_17' title="bbox 266 1136 1468 1185; baseline 0.002 -15"><span class='ocrx_word' id='word_1_113' title='bbox 266 1136 383 1172; x_wconf 85' lang='lat' dir='ltr'><strong>stituit</strong></span> <span class='ocrx_word' id='word_1_114' title='bbox 414 1137 555 1173; x_wconf 74' lang='lat' dir='ltr'><strong>dicavit.</strong></span> <span class='ocrx_word' id='word_1_115' title='bbox 607 1138 748 1185; x_wconf 87' lang='lat' dir='ltr'><strong>Syllaba</strong></span> <span class='ocrx_word' id='word_1_116' title='bbox 782 1139 868 1174; x_wconf 94' lang='lat' dir='ltr'><strong>UIN</strong></span> <span class='ocrx_word' id='word_1_117' title='bbox 900 1149 980 1175; x_wconf 90' lang='lat' dir='ltr'><strong>vero</strong></span> <span class='ocrx_word' id='word_1_118' title='bbox 1013 1141 1089 1174; x_wconf 89' lang='lat' dir='ltr'><strong>orta</strong></span> <span class='ocrx_word' id='word_1_119' title='bbox 1115 1149 1153 1174; x_wconf 87' lang='lat' dir='ltr'><strong>ex</strong></span> <span class='ocrx_word' id='word_1_120' title='bbox 1181 1138 1288 1185; x_wconf 84' lang='lat' dir='ltr'><strong>UM³)</strong></span> <span class='ocrx_word' id='word_1_121' title='bbox 1315 1140 1367 1174; x_wconf 87' lang='lat' dir='ltr'><strong>est</strong></span> <span class='ocrx_word' id='word_1_122' title='bbox 1393 1148 1468 1174; x_wconf 90' lang='lat' dir='ltr'><strong>cor-</strong></span> 
     </span>
    </p>
   </div>
   <div class='ocr_carea' id='block_1_4' title="bbox 266 1195 1468 1241">
    <p class='ocr_par' dir='ltr' id='par_1_4' title="bbox 266 1195 1468 1241">
     <span class='ocr_line' id='line_1_18' title="bbox 266 1195 1468 1241; baseline 0.002 -13"><span class='ocrx_word' id='word_1_123' title='bbox 266 1195 390 1237; x_wconf 86' lang='lat' dir='ltr'><strong>rectio,</strong></span> <span class='ocrx_word' id='word_1_124' title='bbox 434 1199 536 1231; x_wconf 85' lang='lat' dir='ltr'><strong>enata</strong></span> <span class='ocrx_word' id='word_1_125' title='bbox 568 1206 607 1230; x_wconf 89' lang='lat' dir='ltr'><strong>ea</strong></span> <span class='ocrx_word' id='word_1_126' title='bbox 633 1207 672 1231; x_wconf 82' lang='lat' dir='ltr'><strong>ex</strong></span> <span class='ocrx_word' id='word_1_127' title='bbox 697 1197 954 1231; x_wconf 87' lang='lat' dir='ltr'><strong>terminationis</strong></span> <span class='ocrx_word' id='word_1_128' title='bbox 981 1197 1180 1241; x_wconf 86' lang='lat' dir='ltr'><strong>compendio</strong></span> <span class='ocrx_word' id='word_1_129' title='bbox 1205 1206 1310 1240; x_wconf 89' lang='lat' dir='ltr'><strong>prave</strong></span> <span class='ocrx_word' id='word_1_130' title='bbox 1335 1196 1468 1240; x_wconf 83' lang='lat' dir='ltr'><strong>expleto</strong></span> 
     </span>
    </p>
   </div>
   <div class='ocr_carea' id='block_1_5' title="bbox 268 1253 1474 1344">
    <p class='ocr_par' dir='ltr' id='par_1_5' title="bbox 268 1253 1474 1344">
     <span class='ocr_line' id='line_1_19' title="bbox 268 1253 1474 1344; baseline 0.002 -11"><span class='ocrx_word' id='word_1_131' title='bbox 268 1298 532 1344; x_wconf 68' lang='lat' dir='ltr'><strong>(TRIUMPH,</strong></span> <span class='ocrx_word' id='word_1_132' title='bbox 561 1300 817 1343; x_wconf 78' lang='lat' dir='ltr'><strong>TRIUMPHO,</strong></span> <span class='ocrx_word' id='word_1_133' title='bbox 836 1253 1474 1344; x_wconf 51' lang='grc' dir='ltr'><strong>ΤΒ.Ι[]ΜΝ-ΙῙΞ)Β;1ΤΒῘΠΜΡΗΟΠΙΝ-Ι</strong></span> 
     </span>
    </p>
   </div>
   <div class='ocr_carea' id='block_1_6' title="bbox 195 1356 1467 1404">
    <p class='ocr_par' dir='ltr' id='par_1_6' title="bbox 195 1356 1467 1404">
     <span class='ocr_line' id='line_1_20' title="bbox 195 1356 1467 1404; baseline 0.002 -14"><span class='ocrx_word' id='word_1_134' title='bbox 195 1367 201 1371; x_wconf 82' lang='grc'><strong>’</strong></span> <span class='ocrx_word' id='word_1_135' title='bbox 268 1356 489 1403; x_wconf 88' lang='lat' dir='ltr'>DICAUIT).</span> <span class='ocrx_word' id='word_1_136' title='bbox 527 1358 647 1393; x_wconf 89' lang='lat' dir='ltr'><strong>Eidem</strong></span> <span class='ocrx_word' id='word_1_137' title='bbox 674 1359 826 1402; x_wconf 90' lang='lat' dir='ltr'><strong>librario,</strong></span> <span class='ocrx_word' id='word_1_138' title='bbox 854 1360 910 1404; x_wconf 90' lang='lat' dir='ltr'><strong>qui</strong></span> <span class='ocrx_word' id='word_1_139' title='bbox 937 1359 1185 1395; x_wconf 81' lang='lat' dir='ltr'>TRIUMPHO</span> <span class='ocrx_word' id='word_1_140' title='bbox 1208 1359 1340 1403; x_wconf 86' lang='lat' dir='ltr'><strong>primus</strong></span> <span class='ocrx_word' id='word_1_141' title='bbox 1358 1359 1467 1403; x_wconf 86' lang='lat' dir='ltr'><strong>scrip—</strong></span> 
     </span>
    </p>
   </div>
   <div class='ocr_carea' id='block_1_7' title="bbox 267 1413 1469 1460">
    <p class='ocr_par' dir='ltr' id='par_1_7' title="bbox 267 1413 1469 1460">
     <span class='ocr_line' id='line_1_21' title="bbox 267 1413 1469 1460; baseline 0.002 -13"><span class='ocrx_word' id='word_1_142' title='bbox 267 1413 329 1455; x_wconf 83' lang='lat' dir='ltr'><strong>sit,</strong></span> <span class='ocrx_word' id='word_1_143' title='bbox 368 1414 440 1448; x_wconf 88' lang='lat' dir='ltr'><strong>sine</strong></span> <span class='ocrx_word' id='word_1_144' title='bbox 474 1414 578 1448; x_wconf 88' lang='lat' dir='ltr'><strong>dubio</strong></span> <span class='ocrx_word' id='word_1_145' title='bbox 610 1415 716 1450; x_wconf 90' lang='lat' dir='ltr'><strong>etiam</strong></span> <span class='ocrx_word' id='word_1_146' title='bbox 749 1415 895 1450; x_wconf 86' lang='lat' dir='ltr'><strong>debetur</strong></span> <span class='ocrx_word' id='word_1_147' title='bbox 926 1416 1035 1450; x_wconf 88' lang='lat' dir='ltr'><strong>altera</strong></span> <span class='ocrx_word' id='word_1_148' title='bbox 1069 1414 1263 1460; x_wconf 87' lang='lat' dir='ltr'><strong>corruptela</strong></span> <span class='ocrx_word' id='word_1_149' title='bbox 1289 1414 1469 1450; x_wconf 84' lang='lat' dir='ltr'><strong>TRADU-</strong></span> 
     </span>
    </p>
   </div>
   <div class='ocr_carea' id='block_1_8' title="bbox 268 1470 1468 1575">
    <p class='ocr_par' dir='ltr' id='par_1_8' title="bbox 268 1470 1468 1575">
     <span class='ocr_line' id='line_1_22' title="bbox 268 1470 1457 1516; baseline 0.002 -10"><span class='ocrx_word' id='word_1_150' title='bbox 268 1470 420 1506; x_wconf 82' lang='lat' dir='ltr'>CENDO</span> <span class='ocrx_word' id='word_1_151' title='bbox 446 1481 507 1516; x_wconf 87' lang='lat' dir='ltr'><strong>pro</strong></span> <span class='ocrx_word' id='word_1_152' title='bbox 540 1472 840 1509; x_wconf 84' lang='lat' dir='ltr'><strong>TRADUCEND·</strong></span> <span class='ocrx_word' id='word_1_153' title='bbox 881 1488 924 1504; x_wconf 90' lang='lat'><strong><em>=</em></strong></span> <span class='ocrx_word' id='word_1_154' title='bbox 958 1472 1272 1509; x_wconf 76' lang='lat' dir='ltr'><strong>TRADUCEND⁸⁸</strong></span> <span class='ocrx_word' id='word_1_155' title='bbox 1304 1473 1457 1508; x_wconf 86' lang='lat' dir='ltr'><strong>exaranti</strong></span> 
     </span>
     <span class='ocr_line' id='line_1_23' title="bbox 268 1528 1468 1575; baseline 0.002 -13"><span class='ocrx_word' id='word_1_156' title='bbox 268 1528 303 1562; x_wconf 88' lang='lat' dir='ltr'><strong>Si</strong></span> <span class='ocrx_word' id='word_1_157' title='bbox 346 1530 403 1573; x_wconf 86' lang='lat' dir='ltr'><strong>qui</strong></span> <span class='ocrx_word' id='word_1_158' title='bbox 446 1538 524 1562; x_wconf 85' lang='lat' dir='ltr'><strong>vero</strong></span> <span class='ocrx_word' id='word_1_159' title='bbox 563 1529 698 1564; x_wconf 87' lang='lat' dir='ltr'><strong>Liviani</strong></span> <span class='ocrx_word' id='word_1_160' title='bbox 736 1540 818 1564; x_wconf 90' lang='lat' dir='ltr'><strong>usus</strong></span> <span class='ocrx_word' id='word_1_161' title='bbox 852 1530 1015 1574; x_wconf 87' lang='lat' dir='ltr'><strong>loquendi</strong></span> <span class='ocrx_word' id='word_1_162' title='bbox 1045 1540 1111 1564; x_wconf 91' lang='lat' dir='ltr'><strong>non</strong></span> <span class='ocrx_word' id='word_1_163' title='bbox 1146 1529 1257 1575; x_wconf 87' lang='lat' dir='ltr'><strong>ignari</strong></span> <span class='ocrx_word' id='word_1_164' title='bbox 1283 1529 1468 1564; x_wconf 86' lang='lat' dir='ltr'><strong>dicendum</strong></span> 
     </span>
    </p>
   </div>
   <div class='ocr_carea' id='block_1_9' title="bbox 265 1585 1468 1861">
    <p class='ocr_par' dir='ltr' id='par_1_9' title="bbox 265 1585 1468 1861">
     <span class='ocr_line' id='line_1_24' title="bbox 267 1585 1466 1631; baseline 0 -12"><span class='ocrx_word' id='word_1_165' title='bbox 267 1596 339 1620; x_wconf 81' lang='lat' dir='ltr'><strong>esse</strong></span> <span class='ocrx_word' id='word_1_166' title='bbox 364 1585 603 1620; x_wconf 72' lang='lat' dir='ltr'><strong>traducendas</strong></span> <span class='ocrx_word' id='word_1_167' title='bbox 628 1586 668 1621; x_wconf 76' lang='lat' dir='ltr'><strong>in</strong></span> <span class='ocrx_word' id='word_1_168' title='bbox 686 1586 864 1631; x_wconf 74' lang='lat' dir='ltr'><strong>triumpho</strong></span> <span class='ocrx_word' id='word_1_169' title='bbox 882 1587 1102 1630; x_wconf 80' lang='lat' dir='ltr'><strong>contendant,</strong></span> <span class='ocrx_word' id='word_1_170' title='bbox 1122 1596 1329 1631; x_wconf 89' lang='lat' dir='ltr'><strong>quamquam</strong></span> <span class='ocrx_word' id='word_1_171' title='bbox 1348 1587 1466 1620; x_wconf 78' lang='lat' dir='ltr'><strong>trans-</strong></span> 
     </span>
     <span class='ocr_line' id='line_1_25' title="bbox 265 1643 1466 1689; baseline 0 -12"><span class='ocrx_word' id='word_1_172' title='bbox 265 1644 377 1687; x_wconf 82' lang='lat' dir='ltr'><strong>ferre,</strong></span> <span class='ocrx_word' id='word_1_173' title='bbox 418 1644 599 1678; x_wconf 75' lang='lat' dir='ltr'><strong>traducere</strong></span> <span class='ocrx_word' id='word_1_174' title='bbox 640 1644 680 1678; x_wconf 77' lang='lat' dir='ltr'><strong>in</strong></span> <span class='ocrx_word' id='word_1_175' title='bbox 722 1644 899 1687; x_wconf 68' lang='lat' dir='ltr'><strong>triumpho</strong></span> <span class='ocrx_word' id='word_1_176' title='bbox 940 1644 1068 1689; x_wconf 87' lang='lat' dir='ltr'><strong>ubique</strong></span> <span class='ocrx_word' id='word_1_177' title='bbox 1109 1655 1129 1679; x_wconf 93' lang='lat' dir='ltr'><strong>a</strong></span> <span class='ocrx_word' id='word_1_178' title='bbox 1170 1644 1268 1678; x_wconf 88' lang='lat' dir='ltr'><strong>Livio</strong></span> <span class='ocrx_word' id='word_1_179' title='bbox 1311 1643 1466 1687; x_wconf 84' lang='lat' dir='ltr'><strong>usurpari</strong></span> 
     </span>
     <span class='ocr_line' id='line_1_26' title="bbox 267 1699 1466 1744; baseline -0.001 -10"><span class='ocrx_word' id='word_1_180' title='bbox 267 1700 416 1736; x_wconf 85' lang='lat' dir='ltr'><strong>libenter</strong></span> <span class='ocrx_word' id='word_1_181' title='bbox 442 1700 687 1743; x_wconf 83' lang='lat' dir='ltr'><strong>concesserim,</strong></span> <span class='ocrx_word' id='word_1_182' title='bbox 730 1701 848 1736; x_wconf 89' lang='lat' dir='ltr'><strong>tamen</strong></span> <span class='ocrx_word' id='word_1_183' title='bbox 881 1702 998 1736; x_wconf 84' lang='lat' dir='ltr'><strong>tenere</strong></span> <span class='ocrx_word' id='word_1_184' title='bbox 1025 1701 1146 1736; x_wconf 86' lang='lat' dir='ltr'><strong>malim</strong></span> <span class='ocrx_word' id='word_1_185' title='bbox 1170 1700 1211 1734; x_wconf 76' lang='lat' dir='ltr'><strong>in</strong></span> <span class='ocrx_word' id='word_1_186' title='bbox 1237 1699 1466 1744; x_wconf 78' lang='lat' dir='ltr'><strong>triumphum,</strong></span> 
     </span>
     <span class='ocr_line' id='line_1_27' title="bbox 267 1757 1468 1804; baseline -0.002 -10"><span class='ocrx_word' id='word_1_187' title='bbox 267 1770 346 1794; x_wconf 90' lang='lat' dir='ltr'><strong>cum</strong></span> <span class='ocrx_word' id='word_1_188' title='bbox 361 1758 603 1804; x_wconf 89' lang='lat' dir='ltr'><strong>coniungenda</strong></span> <span class='ocrx_word' id='word_1_189' title='bbox 618 1758 701 1794; x_wconf 86' lang='lat' dir='ltr'><strong>haec</strong></span> <span class='ocrx_word' id='word_1_190' title='bbox 715 1760 819 1795; x_wconf 90' lang='lat' dir='ltr'><strong>verba</strong></span> <span class='ocrx_word' id='word_1_191' title='bbox 838 1759 948 1794; x_wconf 89' lang='lat' dir='ltr'><strong>artius</strong></span> <span class='ocrx_word' id='word_1_192' title='bbox 963 1759 1146 1795; x_wconf 85' lang='lat' dir='ltr'><strong>videantur</strong></span> <span class='ocrx_word' id='word_1_193' title='bbox 1160 1769 1237 1794; x_wconf 89' lang='lat' dir='ltr'><strong>cum</strong></span> <span class='ocrx_word' id='word_1_194' title='bbox 1253 1759 1355 1794; x_wconf 90' lang='lat' dir='ltr'><strong>verbo</strong></span> <span class='ocrx_word' id='word_1_195' title='bbox 1371 1757 1468 1792; x_wconf 82' lang='lat' dir='ltr'><strong>clica-</strong></span> 
     </span>
     <span class='ocr_line' id='line_1_28' title="bbox 266 1815 1467 1861; baseline -0.001 -11"><span class='ocrx_word' id='word_1_196' title='bbox 266 1816 314 1850; x_wconf 71' lang='grc' dir='ltr'><strong>υἱέ</strong></span> <span class='ocrx_word' id='word_1_197' title='bbox 333 1827 437 1861; x_wconf 88' lang='lat' dir='ltr'><strong>quam</strong></span> <span class='ocrx_word' id='word_1_198' title='bbox 454 1827 532 1851; x_wconf 84' lang='lat' dir='ltr'><strong>cum</strong></span> <span class='ocrx_word' id='word_1_199' title='bbox 545 1816 791 1852; x_wconf 76' lang='lat' dir='ltr'><strong>traducendas.</strong></span> <span class='ocrx_word' id='word_1_200' title='bbox 818 1815 984 1852; x_wconf 83' lang='lat' dir='ltr'><strong>Dicare</strong></span> <span class='ocrx_word' id='word_1_201' title='bbox 1008 1816 1210 1852; x_wconf 78' lang='lat' dir='ltr'><strong>victimas</strong></span> <span class='ocrx_word' id='word_1_202' title='bbox 1235 1816 1280 1850; x_wconf 78' lang='lat' dir='ltr'><strong>in</strong></span> <span class='ocrx_word' id='word_1_203' title='bbox 1304 1816 1467 1850; x_wconf 80' lang='lat' dir='ltr'><strong>trium-</strong></span> 
     </span>
    </p>
   </div>
   <div class='ocr_carea' id='block_1_10' title="bbox 319 1911 418 1915">
    <p class='ocr_par' dir='ltr' id='par_1_10' title="bbox 319 1911 418 1915">
     <span class='ocr_line' id='line_1_29' title="bbox 319 1911 418 1915; baseline 0 0"><span class='ocrx_word' id='word_1_204' title='bbox 319 1911 418 1915; x_wconf 95' lang='lat' dir='ltr'><strong> </strong></span> 
     </span>
    </p>
   </div>
   <div class='ocr_carea' id='block_1_11' title="bbox 266 1955 1467 2035">
    <p class='ocr_par' dir='ltr' id='par_1_11' title="bbox 266 1955 1467 2035">
     <span class='ocr_line' id='line_1_30' title="bbox 386 1955 1467 1995; baseline -0.002 -9"><span class='ocrx_word' id='word_1_205' title='bbox 386 1957 405 1993; x_wconf 84' lang='lat'><strong>⁸)</strong></span> <span class='ocrx_word' id='word_1_206' title='bbox 426 1956 475 1986; x_wconf 80' lang='lat' dir='ltr'><strong>Ita</strong></span> <span class='ocrx_word' id='word_1_207' title='bbox 494 1956 607 1995; x_wconf 86' lang='lat' dir='ltr'><strong>legitur</strong></span> <span class='ocrx_word' id='word_1_208' title='bbox 629 1957 660 1985; x_wconf 92' lang='lat' dir='ltr'><strong>iu</strong></span> <span class='ocrx_word' id='word_1_209' title='bbox 687 1956 800 1992; x_wconf 88' lang='lat' dir='ltr'><strong>codice,</strong></span> <span class='ocrx_word' id='word_1_210' title='bbox 832 1958 866 1986; x_wconf 89' lang='lat' dir='ltr'><strong>ut</strong></span> <span class='ocrx_word' id='word_1_211' title='bbox 900 1957 1086 1995; x_wconf 84' lang='lat' dir='ltr'><strong>aliquantum</strong></span> <span class='ocrx_word' id='word_1_212' title='bbox 1113 1957 1204 1995; x_wconf 86' lang='lat' dir='ltr'><strong>spatii</strong></span> <span class='ocrx_word' id='word_1_213' title='bbox 1234 1956 1313 1986; x_wconf 88' lang='lat' dir='ltr'><strong>inter</strong></span> <span class='ocrx_word' id='word_1_214' title='bbox 1334 1955 1415 1985; x_wconf 86' lang='grc' dir='ltr'><strong>ΤΕΜ</strong></span> <span class='ocrx_word' id='word_1_215' title='bbox 1437 1958 1467 1984; x_wconf 83' lang='lat' dir='ltr'><strong>et</strong></span> 
     </span>
     <span class='ocr_line' id='line_1_31' title="bbox 266 2005 564 2035; baseline -0.003 0"><span class='ocrx_word' id='word_1_216' title='bbox 266 2005 412 2035; x_wconf 80' lang='lat' dir='ltr'>ACTATI</span> <span class='ocrx_word' id='word_1_217' title='bbox 433 2005 564 2034; x_wconf 82' lang='lat' dir='ltr'><strong>intersit.</strong></span> 
     </span>
    </p>
   </div>
   <div class='ocr_carea' id='block_1_12' title="bbox 266 2066 1468 2249">
    <p class='ocr_par' dir='ltr' id='par_1_12' title="bbox 266 2066 1468 2249">
     <span class='ocr_line' id='line_1_32' title="bbox 382 2066 1465 2104; baseline -0.003 -8"><span class='ocrx_word' id='word_1_218' title='bbox 382 2069 405 2104; x_wconf 84' lang='lat'><strong>²)</strong></span> <span class='ocrx_word' id='word_1_219' title='bbox 428 2067 682 2096; x_wconf 84' lang='lat' dir='ltr'><strong>Weissenbornius</strong></span> <span class='ocrx_word' id='word_1_220' title='bbox 702 2068 733 2095; x_wconf 92' lang='lat' dir='ltr'><strong>in</strong></span> <span class='ocrx_word' id='word_1_221' title='bbox 755 2067 799 2095; x_wconf 90' lang='lat' dir='ltr'><strong>ed.</strong></span> <span class='ocrx_word' id='word_1_222' title='bbox 821 2067 929 2096; x_wconf 86' lang='lat' dir='ltr'><strong>Teubn.</strong></span> <span class='ocrx_word' id='word_1_223' title='bbox 950 2068 982 2095; x_wconf 91' lang='lat' dir='ltr'><strong>in</strong></span> <span class='ocrx_word' id='word_1_224' title='bbox 1002 2068 1076 2096; x_wconf 86' lang='lat' dir='ltr'><strong>hanc</strong></span> <span class='ocrx_word' id='word_1_225' title='bbox 1096 2067 1221 2096; x_wconf 83' lang='lat' dir='ltr'><strong>formam</strong></span> <span class='ocrx_word' id='word_1_226' title='bbox 1243 2066 1358 2101; x_wconf 83' lang='lat' dir='ltr'><strong>incidit,</strong></span> <span class='ocrx_word' id='word_1_227' title='bbox 1379 2074 1465 2103; x_wconf 85' lang='lat' dir='ltr'><strong>quam</strong></span> 
     </span>
     <span class='ocr_line' id='line_1_33' title="bbox 266 2113 1468 2154; baseline -0.002 -9"><span class='ocrx_word' id='word_1_228' title='bbox 266 2126 299 2145; x_wconf 82' lang='lat' dir='ltr'><strong>ex</strong></span> <span class='ocrx_word' id='word_1_229' title='bbox 319 2115 558 2154; x_wconf 87' lang='lat' dir='ltr'><strong>compendiorum</strong></span> <span class='ocrx_word' id='word_1_230' title='bbox 579 2115 697 2153; x_wconf 82' lang='lat' dir='ltr'><strong>legibus</strong></span> <span class='ocrx_word' id='word_1_231' title='bbox 717 2115 781 2144; x_wconf 89' lang='lat' dir='ltr'><strong>iure</strong></span> <span class='ocrx_word' id='word_1_232' title='bbox 801 2115 907 2145; x_wconf 86' lang='lat' dir='ltr'><strong>merito</strong></span> <span class='ocrx_word' id='word_1_233' title='bbox 933 2116 1093 2153; x_wconf 82' lang='lat' dir='ltr'><strong>genuinam</strong></span> <span class='ocrx_word' id='word_1_234' title='bbox 1118 2115 1291 2154; x_wconf 81' lang='lat' dir='ltr'><strong>putabimus</strong></span> <span class='ocrx_word' id='word_1_235' title='bbox 1298 2126 1306 2149; x_wconf 86' lang='lat'>;</span> <span class='ocrx_word' id='word_1_236' title='bbox 1339 2113 1468 2143; x_wconf 86' lang='lat' dir='ltr'><strong>conferre</strong></span> 
     </span>
     <span class='ocr_line' id='line_1_34' title="bbox 267 2161 1465 2202; baseline -0.003 -8"><span class='ocrx_word' id='word_1_237' title='bbox 267 2165 338 2194; x_wconf 88' lang='lat' dir='ltr'><strong>licet</strong></span> <span class='ocrx_word' id='word_1_238' title='bbox 359 2165 492 2202; x_wconf 80' lang='lat' dir='ltr'><strong>exempla</strong></span> <span class='ocrx_word' id='word_1_239' title='bbox 512 2173 602 2202; x_wconf 83' lang='lat' dir='ltr'><strong>supra</strong></span> <span class='ocrx_word' id='word_1_240' title='bbox 622 2164 720 2194; x_wconf 84' lang='lat' dir='ltr'><strong>adlata</strong></span> <span class='ocrx_word' id='word_1_241' title='bbox 742 2173 776 2193; x_wconf 80' lang='lat' dir='ltr'><strong>ex</strong></span> <span class='ocrx_word' id='word_1_242' title='bbox 790 2163 846 2193; x_wconf 84' lang='lat' dir='ltr'><strong>Gai</strong></span> <span class='ocrx_word' id='word_1_243' title='bbox 866 2163 937 2193; x_wconf 88' lang='lat' dir='ltr'><strong>inst.</strong></span> <span class='ocrx_word' id='word_1_244' title='bbox 953 2174 981 2202; x_wconf 82' lang='lat' dir='ltr'><strong>p.</strong></span> <span class='ocrx_word' id='word_1_245' title='bbox 999 2166 1053 2194; x_wconf 82' lang='lat'><strong>178</strong></span> <span class='ocrx_word' id='word_1_246' title='bbox 1074 2165 1093 2193; x_wconf 90' lang='lat' dir='ltr'><strong>l.</strong></span> <span class='ocrx_word' id='word_1_247' title='bbox 1116 2167 1150 2193; x_wconf 91' lang='lat'><strong>11</strong></span> <span class='ocrx_word' id='word_1_248' title='bbox 1172 2161 1410 2194; x_wconf 87' lang='lat' dir='ltr'><strong>PROHIBITUS</strong></span> <span class='ocrx_word' id='word_1_249' title='bbox 1432 2175 1465 2188; x_wconf 93' lang='lat'><strong><em>=</em></strong></span> 
     </span>
     <span class='ocr_line' id='line_1_35' title="bbox 266 2209 1418 2249; baseline -0.003 -7"><span class='ocrx_word' id='word_1_250' title='bbox 266 2212 546 2246; x_wconf 80' lang='lat' dir='ltr'><strong>PROHIBIT&#39;¹¹US;</strong></span> <span class='ocrx_word' id='word_1_251' title='bbox 567 2214 670 2241; x_wconf 87' lang='lat' dir='ltr'><strong>contra</strong></span> <span class='ocrx_word' id='word_1_252' title='bbox 691 2212 731 2242; x_wconf 77' lang='lat' dir='ltr'><strong>ib.</strong></span> <span class='ocrx_word' id='word_1_253' title='bbox 753 2221 780 2249; x_wconf 90' lang='lat' dir='ltr'><strong>p.</strong></span> <span class='ocrx_word' id='word_1_254' title='bbox 803 2214 839 2240; x_wconf 87' lang='grc'><strong>90</strong></span> <span class='ocrx_word' id='word_1_255' title='bbox 859 2211 879 2240; x_wconf 92' lang='lat' dir='ltr'><strong>l.</strong></span> <span class='ocrx_word' id='word_1_256' title='bbox 900 2214 918 2240; x_wconf 82' lang='grc'>9</span> <span class='ocrx_word' id='word_1_257' title='bbox 937 2211 1155 2241; x_wconf 71' lang='lat' dir='ltr'>FACTURUM</span> <span class='ocrx_word' id='word_1_258' title='bbox 1176 2220 1228 2248; x_wconf 84' lang='lat' dir='ltr'><strong>pro</strong></span> <span class='ocrx_word' id='word_1_259' title='bbox 1249 2209 1418 2240; x_wconf 81' lang='lat' dir='ltr'>FACTUM.</span> 
     </span>
    </p>
   </div>
   <div class='ocr_carea' id='block_1_13' title="bbox 265 2271 1466 2401">
    <p class='ocr_par' dir='ltr' id='par_1_13' title="bbox 265 2271 1466 2401">
     <span class='ocr_line' id='line_1_36' title="bbox 383 2271 1466 2313; baseline -0.005 -8"><span class='ocrx_word' id='word_1_260' title='bbox 383 2276 404 2313; x_wconf 83' lang='lat'><strong>³)</strong></span> <span class='ocrx_word' id='word_1_261' title='bbox 426 2274 558 2305; x_wconf 85' lang='lat' dir='ltr'><strong>Turnebi</strong></span> <span class='ocrx_word' id='word_1_262' title='bbox 578 2274 776 2304; x_wconf 87' lang='lat' dir='ltr'><strong>coniecturam</strong></span> <span class='ocrx_word' id='word_1_263' title='bbox 797 2273 834 2303; x_wconf 77' lang='lat' dir='ltr'><strong>in</strong></span> <span class='ocrx_word' id='word_1_264' title='bbox 854 2273 1039 2311; x_wconf 79' lang='lat' dir='ltr'><strong>triumphum</strong></span> <span class='ocrx_word' id='word_1_265' title='bbox 1060 2273 1173 2303; x_wconf 82' lang='lat' dir='ltr'><strong>dicavit</strong></span> <span class='ocrx_word' id='word_1_266' title='bbox 1203 2282 1236 2302; x_wconf 82' lang='lat' dir='ltr'><strong>ex</strong></span> <span class='ocrx_word' id='word_1_267' title='bbox 1262 2281 1361 2301; x_wconf 81' lang='lat' dir='ltr'><strong>earum</strong></span> <span class='ocrx_word' id='word_1_268' title='bbox 1384 2271 1466 2301; x_wconf 85' lang='lat' dir='ltr'><strong>litte-</strong></span> 
     </span>
     <span class='ocr_line' id='line_1_37' title="bbox 266 2320 1466 2360; baseline -0.003 -7"><span class='ocrx_word' id='word_1_269' title='bbox 266 2333 366 2354; x_wconf 82' lang='lat' dir='ltr'><strong>rarum</strong></span> <span class='ocrx_word' id='word_1_270' title='bbox 387 2322 588 2352; x_wconf 89' lang='lat' dir='ltr'><strong>similitudine</strong></span> <span class='ocrx_word' id='word_1_271' title='bbox 608 2322 770 2360; x_wconf 82' lang='lat' dir='ltr'><strong>profectam</strong></span> <span class='ocrx_word' id='word_1_272' title='bbox 791 2331 854 2351; x_wconf 88' lang='lat' dir='ltr'><strong>esse</strong></span> <span class='ocrx_word' id='word_1_273' title='bbox 876 2322 966 2351; x_wconf 85' lang='lat' dir='ltr'><strong>etiam</strong></span> <span class='ocrx_word' id='word_1_274' title='bbox 987 2322 1131 2352; x_wconf 86' lang='lat' dir='ltr'><strong>Hertzius</strong></span> <span class='ocrx_word' id='word_1_275' title='bbox 1152 2322 1184 2350; x_wconf 91' lang='lat' dir='ltr'><strong>in</strong></span> <span class='ocrx_word' id='word_1_276' title='bbox 1204 2321 1396 2351; x_wconf 78' lang='lat' dir='ltr'><strong>adnotatione</strong></span> <span class='ocrx_word' id='word_1_277' title='bbox 1410 2320 1466 2349; x_wconf 86' lang='lat' dir='ltr'><strong>cri-</strong></span> 
     </span>
     <span class='ocr_line' id='line_1_38' title="bbox 265 2371 502 2401; baseline 0 -1"><span class='ocrx_word' id='word_1_278' title='bbox 265 2373 326 2400; x_wconf 83' lang='lat' dir='ltr'><strong>tica</strong></span> <span class='ocrx_word' id='word_1_279' title='bbox 348 2371 502 2401; x_wconf 84' lang='lat' dir='ltr'><strong>indicavit.</strong></span> 
     </span>
    </p>
   </div>
  </div>
 </body>
</html>
