1721 2727
699 152 909 188 -3-

200 259 246 293 de
271 256 524 302 subscriptione
549 256 673 293 codicis
697 257 850 303 prolatas
888 257 1132 301 explicationes
1173 257 1400 301 praemitten-

200 309 266 351 das
293 324 366 350 esse
391 314 604 358 censuimus,
634 314 836 360 priusquam
860 314 925 360 ipsi
950 313 1204 359 quaestionem,
1231 324 1335 359 quam
1360 315 1401 350 de

203 371 271 406 hac
294 382 335 406 re.
356 371 539 407 instituere
572 371 608 406 in
633 371 749 407 animo
775 373 839 414 est,
866 371 1117 416 adgrediamur.

316 466 475 502 Primum
509 466 600 512 quod
637 466 681 502 ad
711 466 894 512 genuinam
928 465 1189 511 subscriptionis
1213 464 1400 501 lectionem
1420 474 1567 509 Scriptum}

197 522 356 566 adtinet,
393 523 553 569 quamvis
585 522 822 558 Mommsenus
856 523 899 558 ad
931 532 1055 558 verum
1079 521 1222 567 propius
1247 522 1399 564 accedat,
1430 502 1565 526 mmm

200 582 320 616 tamen
344 574 398 617 'ut
435 580 700 626 subscriptionis
725 580 889 626 reliquias
920 582 1014 616 recte
1050 579 1238 625 perviderit
1270 590 1399 616 vereor.

202 637 372 681 Equidem
397 640 438 672 ut
467 638 651 673 concedam
680 637 851 682 syllabam
867 635 933 671 dex
952 637 1047 672 verbi
1073 637 1177 672 codem
1192 638 1228 671 in
1247 638 1317 672 tab.
1335 637 1398 672 IV.

201 693 305 730 Anal.
332 693 465 731 Livian.
493 692 611 730 addita
636 693 763 729 clarius
787 693 951 739 adparere
976 702 1080 738 quam
1111 693 1149 727 in
1172 693 1246 738 ipso
1271 692 1399 736 codice,

202 752 352 796 ingenue
383 751 501 786 tamen
534 752 644 787 fateor
681 762 790 796 neque
820 751 1034 795 reliquarum
1065 750 1263 786 litterarum
1300 749 1398 796 quic-

199 816 307 852 quam
334 806 470 852 planius
495 817 551 842 me
575 807 772 852 conspicere
797 816 906 852 neque
930 816 1055 841 nomen
1078 806 1117 841 in
1148 816 1185 841 eo
1219 806 1398 842 obscurius
1450 847 1456 851 ¹

199 873 275 898 esse
300 874 403 908 quam
430 863 468 898 in
492 864 761 910 photographia3
800 865 906 900 immo
938 863 1011 910 ipso
1038 862 1153 899 codice
1178 862 1308 899 iterum
1332 863 1399 899 ite-

200 930 345 965 rumque
369 931 430 965 per
450 921 580 957 variam
604 921 692 957 lucis
709 921 989 957 commoditatem
1005 921 1160 965 inspecto
1176 922 1317 955 tandem
1331 931 1399 956 non

194 976 388 1021 theutberti,
412 979 472 1014 'sed
497 978 675 1014 theatberti
699 988 822 1014 nomen
847 980 942 1014 certo
965 977 1184 1023 deprehendi.
1210 977 1259 1013 Ut
1282 977 1399 1014 itale-

199 1045 328 1080 gerem,
359 1028 642 1080 initio'inprimis
660 1035 774 1071 forma
796 1035 974 1071 litterulae
1001 1046 1035 1079 a,
1062 1045 1166 1080 quam
1192 1035 1227 1069 in
1253 1036 1398 1080 utraque

201 1101 281 1127 voce
306 1093 341 1127 et
365 1091 517 1127 dorostat
543 1094 577 1127 et
602 1091 781 1127 theatberti
805 1103 944 1137 prorsus
969 1093 1114 1128 eandem
1139 1093 1310 1137 conspexi,
1336 1094 1397 1129 ad-

195 1149 324 1184 ductus
350 1160 437 1184 sum.
463 1149 585 1194 Neque
603 1149 689 1185 haec
706 1149 855 1185 nominis
881 1150 986 1185 lectio
1011 1151 1226 1195 argumentis
1244 1159 1265 1184 a
1281 1150 1396 1185 Friso-
1414 1156 1544 1190 eonem„

197 1215 282 1239 num
299 1205 421 1250 lingua
445 1206 603 1250 repetitis
630 1207 850 1248 destituitur,
868 1207 917 1241 ita
933 1206 1027 1241 enim
1044 1206 1109 1241 hac
1126 1206 1167 1241 de
1184 1217 1220 1242 re
1237 1206 1394 1251 Heynius
1425 1186 1534 1246 ηἷτιξιῖῗι

193 1262 313 1298 docet:
356 1261 430 1298 Von
466 1262 534 1297 aen
569 1262 619 1297 im
658 1262 863 1298 Gothischen
895 1262 972 1297 und
1003 1261 1113 1298 Aha„
1131 1261 1396 1298 mommsen
1425 1242 1537 1267 *²²¹⁰*

196 1318 444 1364 Diphthonqen
469 1319 513 1354 ist
537 1320 588 1354 im
613 1320 832 1355 Friesischen
858 1331 930 1355 nur
953 1320 1049 1354 einer
1072 1320 1241 1364 erhalten,
1260 1321 1310 1363 iu,
1328 1320 1394 1355 mit

193 1375 268 1417 den
298 1375 581 1422 Schwdchunqen
612 1376 646 1411 io
676 1376 752 1411 und
785 1376 842 1419 ia,
880 1376 986 1411 deren
1016 1376 1131 1414 Gebiet
1156 1376 1230 1411 sich
1254 1386 1290 1410 so
1321 1387 1398 1411 ver-

190 1431 307 1477 theizt,
345 1432 428 1468 dass
464 1433 504 1467 iu
537 1433 614 1468 und
646 1433 679 1467 io
710 1433 809 1468 meist
834 1428 898 1468 'vor
927 1434 1040 1469 einem
1063 1432 1358 1478 ursprfinyliehen
1382 1432 1398 1468 i

190 1488 274 1522 oder
298 1500 322 1523 u
345 1489 481 1524 eweiter
507 1489 599 1524 Silbe
623 1489 840 1531 erseheinen,
865 1488 906 1523 ia‘
929 1489 970 1524 in
995 1489 1201 1534 einsilbiyen
1235 1489 1397 1525 Woriern

194 1545 269 1581 und
293 1556 352 1581 vor
376 1546 487 1582 einem
512 1557 535 1581 a
559 1546 622 1581 der
645 1546 786 1582 aweiten
811 1537 904 1583 Sil‘be
927 1545 1022 1583 steht.
1065 1546 1256 1591 Beispiele:
1289 1545 1396 1590 diore,

188 1602 294 1637 diure
331 1603 465 1649 (carus)
498 1604 611 1646 sione,
636 1604 735 1638 simne
762 1604 883 1650 (visus)
910 1603 1034 1649 hiena,
1061 1603 1175 1638 hiuma
1208 1604 1393 1650 (conjuges)

189 1659 268 1703 fior,
302 1659 375 1698 fiur
406 1659 528 1705 (ignis)
570 1659 700 1701 liode,
741 1659 862 1695 liade
899 1659 1167 1704 (homines)....
1207 1660 1246 1694 ia
1279 1661 1395 1696 waltet

196 1717 238 1750 in
274 1716 359 1751 diar
396 1715 503 1762 (fera)
545 1716 635 1751 liaht
677 1717 768 1762 (lum)
811 1717 885 1762 lias
921 1718 1052 1762 (carus)
1095 1716 1173 1752 sialc
1208 1718 1392 1763 (aeqrotus)

189 1771 259 1806 thi
265 1783 288 1806 a
296 1772 320 1807 d
326 1784 342 1807 e
369 1772 570 1819 (populus),
600 1768 690 1818 yoth.
725 1773 878 1819 (thiuda)
904 1773 1035 1818 driaya
1069 1773 1251 1817 (decipere)
1280 1773 1393 1819 fliaqa

200 1830 342 1877 (volare)
369 1830 501 1875 driapa
540 1829 707 1877 (stillare)
741 1829 871 1875 kriapa
897 1832 1038 1874 (repere)
1071 1829 1148 1865 und
1178 1841 1212 1865 es
1243 1830 1318 1865 tritt
1343 1831 1394 1865 im

193 1885 366 1920 Praesens
402 1887 515 1922 dieser
551 1887 693 1922 starken
733 1886 843 1921 Verba
877 1886 1029 1922 Wechsel
1065 1886 1232 1921 zwisehen
1266 1887 1305 1921 iu
1330 1887 1392 1934 (io)

189 1942 266 1977 und
289 1942 329 1976 ia
353 1942 427 1988 ein,
458 1943 658 1990 deryestalt,
689 1943 772 1978 dass
806 1942 904 1987 jenes
932 1942 989 1977 die
1013 1941 1091 1977 HM
1116 1942 1192 1976 und
1216 1943 1302 1977 ΙΙΙα
1327 1943 1386 1978 des

190 1999 398 2045 Sfflqulars,
429 1999 537 2035 dieses
567 2000 624 2035 die
648 2000 688 2036 Ιιι
714 1999 814 2046 Siny.
840 1999 916 2035 und
940 1999 1001 2035 der
1033 1998 1166 2035 Plural
1192 2000 1386 2036 Indicativi

183 2057 250 2101 fiir
273 2056 347 2092 sich
371 2057 518 2101 nimmt;
543 2068 629 2092 man
657 2049 848 2102 cohjuqiert
873 2056 946 2091 also
971 2056 1067 2091 mate
1097 2057 1223 2101 (fruor)
1255 2058 1383 2105 niutst,

188 2113 291 2159 niuth
328 2113 400 2160 (die
431 2112 643 2159 Rilstrinqer
673 2116 794 2156 niotst,
831 2113 942 2161 nioth)
969 2113 1067 2157 plur.
1093 2113 1234 2148 matath
1247 2114 1285 2161 ¹).
1328 2117 1384 2152 Ad

185 2180 275 2215 quae
301 2170 457 2216 exempla
481 2170 510 2206 si
534 2171 734 2216 respexeris,
760 2170 831 2206 iam
848 2170 1043 2216 intelleges,
1062 2181 1122 2206 cur
1139 2171 1230 2216 apud
1248 2174 1383 2209 eosdem

189 2227 348 2262 Frisones
374 2229 409 2262 et·
434 2228 681 2270 Liudgerus
700 2229 734 2262 et
751 2226 1013 2272 Thiatgerus
1039 2227 1247 2263 inveniatur.

303 2322 325 2358 ¹)
346 2320 389 2351 cf.
411 2321 453 2351 M.
474 2321 585 2359 Heyne.
612 2321 721 2350 Kuree
742 2321 842 2351 Laut·
862 2319 928 2350 und
954 2321 1184 2351 Flexiomlelvre
1203 2320 1256 2351 der
1276 2323 1390 2362 altger-

183 2369 361 2399 manischen
381 2369 528 2399 Dialecte.
551 2369 735 2399 Paderborn
756 2370 845 2404 1874,
866 2377 894 2406 p.
916 2371 962 2398 71.

685 2433 691 2436 .
807 2437 809 2441 .
1238 2418 1277 2446 1*
