1721 2727
51 500 102 523 xl

149 717 183 739 De
207 718 305 741 Thead

822 195 1058 232 -10—

336 299 451 334 ditum
470 311 543 335 esse
571 302 662 336 certo
688 302 825 344 scimuS,
853 300 962 346 etiam
978 301 1263 343 Theatberto‚
1291 300 1456 336 codicis
1473 300 1538 335 Li-

337 355 456 393 viani
486 356 813 404 subscriptore,
840 357 914 393 sine
940 357 1042 393 dubio
1068 357 1236 404 magistro
1262 368 1343 395 usus
1369 359 1431 402 est,
1458 367 1538 394 cum

336 417 372 449 et
397 425 424 450 s.
452 415 655 461 Liutgerum
687 417 723 451 et
757 416 1009 451 Theatbertum
1043 415 1164 450 eodem
1194 416 1349 461 tempore
1384 415 1538 452 scholam

335 472 605 507 Ultraiectinam
629 472 838 517 gubernasse
861 471 965 518 paulo
991 471 1081 507 infra
1106 471 1430 508 demonstrabimus.
1464 473 1537 507 Ha-

335 529 455 565 bemus
473 529 581 575 igitur
608 529 757 575 dupplex
782 529 974 575 scripturae
1001 529 1138 565 Theat
1163 529 1370 574 exemplum,
1390 539 1547 575 quorum,

335 587 363 622 T
371 587 392 621 h
403 597 420 621 e
430 597 450 621 a
459 588 473 621 t
482 587 504 622 b
515 597 532 622 e
542 598 558 622 r
569 591 582 621 t
607 587 792 622 memoriae
810 587 990 623 mandavit
1008 587 1182 632 ‚magister
1206 586 1368 630 alterum,
1385 587 1536 623 alterum

334 644 362 678 Τ
371 644 418 678 he
427 655 446 679 a
455 643 498 678 tb
510 644 581 679 ald
606 644 808 690 discipulus.

148 731 323 769 mmmm:
449 711 557 746 Aliud
595 721 729 756 quoque
767 712 804 747 in
843 714 1006 757 promptu
1051 712 1103 746 est
1141 710 1401 752 testimonium,
1444 711 1534 745 unde

147 774 320 802 bertiaeqmu.
335 769 480 803 exeunte
506 769 642 803 saeculo
682 769 803 803 octavo
841 769 986 803 formam
1012 768 1159 804 Thead
1197 769 1232 803 in
1267 767 1310 803 iis
1335 767 1533 812 regionibus

331 833 399 859 nou
425 824 632 860 inusitatam
657 824 763 859 fuisse
790 825 913 869 liquet.
940 825 1061 859 Ericus
1087 826 1123 859 et
1140 824 1381 860 Ermenfridus
1407 823 1532 858 fratres

330 880 555 916 tradiderant
578 893 643 928 pro
659 910 666 917 .
685 880 827 917 XXX.
842 880 966 915 solidis
996 881 1087 916 duas
1106 883 1229 925 partes
1253 880 1294 915 cle
1319 879 1387 915 illa
1410 880 1534 925 foreste

330 938 377 972 ad
403 950 557 983 arnapa.
584 939 646 983 qai
683 938 837 973 amulric
872 938 954 983 fait.
991 940 1021 973 et
1058 937 1281 973 theadradan
1317 947 1416 981 quem
1453 939 1532 981 ipsa

329 995 526 1029 theadrada
562 998 667 1029 antea
704 996 845 1029 tertiam
876 997 1016 1038 partem
1050 998 1081 1029 et
1101 1022 1109 1029 .
1129 994 1177 1030 V.
1197 994 1367 1028 traditam
1398 994 1530 1028 habuit.

329 1051 427 1096 Quod
454 1052 605 1098 diploma
631 1052 713 1087 anni
743 1052 812 1088 816
839 1051 1180 1098 (Lacombletianum
1199 1051 1257 1094 32)
1284 1050 1351 1087 alio
1372 1050 1529 1086 eiusdem

328 1110 409 1144 anni
437 1109 531 1155 (Lac.
558 1109 617 1148 33>
644 1109 885 1150 confirmatur,
923 1119 988 1153 quo
1019 1109 1126 1143 iidem
1161 1109 1287 1143 fratres
1324 1108 1462 1142 tradere
1493 1118 1530 1142 se

327 1167 504 1200 testantur
529 1164 620 1199 duas
640 1167 762 1207 partes
786 1164 827 1198 de
853 1164 920 1199 illa
956 1166 1078 1209 foreste
1115 1175 1179 1208 que
1211 1166 1259 1199 est
1290 1175 1396 1208 super
1424 1162 1531 1207 fluvio

329 1233 474 1265 arnapa
499 1222 539 1255 in
560 1232 652 1266 paqo
676 1225 857 1256 izieuenem
874 1223 1054 1256 addentes:
1081 1221 1247 1265 quicquid
1266 1223 1370 1265 pater
1394 1223 1523 1256 noster.

332 1278 526 1313 amalricus
546 1306 554 1314 .
575 1277 672 1313 nobis
708 1277 845 1313 dimisit
877 1278 917 1312 in
949 1277 1181 1312 hereditatem.
1240 1277 1313 1321 Quo
1345 1277 1530 1322 diplomate

324 1347 404 1372 cum
430 1336 605 1381 superiore
633 1335 769 1371 conlato
795 1335 1095 1371 Theadradam
1120 1345 1260 1370 uxorem
1284 1334 1388 1370 fuisse
1407 1334 1528 1370 Amal-

322 1395 403 1435 rici‚
438 1404 541 1438 quem
577 1393 649 1428 iam
687 1403 775 1429 anno
809 1393 879 1429 795
911 1393 1022 1428 locum
1053 1392 1115 1437 qui
1147 1394 1292 1428 uocatur
1316 1392 1364 1427 ad
1395 1403 1528 1428 crucem

323 1452 362 1485 in
397 1452 480 1494 ripa
509 1450 617 1493 fluuii
650 1451 784 1493 arnapi
821 1450 984 1495 Liutgero
1017 1451 1160 1485 donasse
1198 1450 1351 1494 diploma
1382 1450 1527 1485 Lacom-

321 1508 519 1543 bletianum
553 1508 714 1552 quintum
751 1507 919 1548 testatur,
963 1506 1171 1551 eandemque
1206 1506 1356 1542 fratrum
1387 1506 1527 1542 illorum

321 1567 487 1605 matrem;
515 1575 592 1600 eam
610 1574 690 1599 vero
709 1564 1002 1599 Theatradam
1023 1563 1278 1599 Theatberti
1299 1563 1358 1609 qui
1375 1564 1526 1599 codicem

320 1623 506 1657 Liviauum
544 1621 750 1665 subscripsit
785 1621 855 1656 fere
889 1620 1068 1665 aequalem
1103 1620 1208 1655 fuisse
1240 1620 1392 1666 adparet.

436 1688 625 1723 Dubium
668 1689 807 1733 igitur
849 1678 940 1723 esse
985 1688 1149 1733 nequit,
1201 1687 1305 1732 quin
1347 1688 1524 1723 saeculo

320 1747 477 1781 octavo
505 1747 545 1780 et
572 1755 678 1780 nono
708 1748 889 1791 utraque
915 1746 1052 1780 forma
1078 1745 1457 1780 etThiadberti
1485 1748 1525 1780 et

321 1804 580 1839 Theatberti
627 1804 696 1839 uti
745 1804 941 1840 licuerit.
1007 1804 1125 1841 Unde
1175 1805 1374 1849 sequitur
1424 1805 1523 1840 nul—

317 1861 402 1896 lam
441 1861 589 1896 inesse
627 1861 674 1896 in
715 1862 915 1897 codicis
948 1862 1156 1897 Liviani
1194 1862 1522 1907 subscriptione

321 1917 576 1953 Theatberti·
602 1918 906 1955 offensionem.

433 1986 529 2021 Haec
556 1985 597 2020 de
624 1985 763 2020 nomine
789 1985 865 2030 ipso
891 1985 1047 2030 exposita
1064 1996 1144 2021 cum
1169 1985 1355 2028 sufficiant,
1384 1986 1456 2020 iam
1480 1986 1521 2020 de

318 2044 456 2078 auctore
485 2042 571 2087 ipso,
600 2042 659 2087 qui
692 2052 815 2077 nomen
833 2043 1008 2088 inscripsit
1027 2043 1137 2078 codici
1155 2042 1311 2086 Liviam,
1331 2043 1517 2078 videamus.

132 2182 302 2216 Quatenus
434 2175 500 2218 Qui
518 2185 597 2209 vero
623 2176 684 2210 ille
711 2175 825 2217 fuerit,
851 2186 907 2210 res
925 2176 1064 2211 videtur
1083 2187 1155 2211 esse
1180 2176 1414 2220 apertissima,
1440 2177 1520 2219 post

132 2226 191 2249 epus
207 2221 293 2245 dedoro

192 2253 243 2274 stat

296 2232 563 2268 ‘theatberti
589 2233 682 2268 enim
708 2233 854 2279 legitur,
882 2226 949 2279 e—ffi
976 2232 1292 2279 dedorostat¹);
1319 2232 1379 2267 sed
1405 2232 1519 2268 latent

431 2367 451 2403 ¹)
473 2365 550 2396 Nam
569 2366 616 2410 it—a
635 2366 778 2405 scriptum
799 2368 853 2402 est,
876 2375 934 2396 non
956 2367 990 2397 ut
1011 2366 1041 2396 in
1057 2366 1143 2396 Anal.
1160 2366 1277 2396 Livian.
1300 2366 1452 2397 invenitur
1472 2365 1518 2395 di-

313 2415 433 2444 stinctis
454 2414 551 2444 verbis
572 2416 622 2452 epi
642 2415 678 2444 de
698 2415 842 2445 dorostat.
