1721 2727
801 171 1037 206 -38-

324 273 501 308 terniones
527 274 606 319 vagi
627 285 644 308 e
663 275 797 310 sedibus
821 274 903 318 ipsis
920 283 1024 318 prave
1041 273 1232 318 adsignatis
1251 274 1417 309 facillime
1436 273 1524 308 exci-

326 330 405 366 dere
425 333 587 376 poterant
600 330 792 375 litterisque
811 329 979 376 neglectis
993 330 1097 365 inseri
1114 330 1191 365 aliis
1208 340 1277 366 non
1294 331 1404 377 magis
1424 330 1523 376 aptis.

151 395 304 447 gffignqiffi
439 388 530 434 Ergo
555 388 698 423 ubinam
724 387 855 422 fuerint
879 387 1001 422 inserti
1033 387 1407 434 quaternioneslvagi,
1444 397 1524 422 cum

155 440 304 504 vieigtgdsi-
324 445 365 491 is,
393 445 449 481 cui
474 454 584 480 novus
610 446 691 480 ordo
718 444 873 487 debetur,
900 444 1205 480 librum-tractare
1231 444 1416 491 inciperet,
1442 443 1526 479 licc-

180 488 210 510 ⁸¹¹
254 489 273 504 ρ’
322 502 378 538 bit
402 513 575 547 quaerere.
607 502 724 546 Atque
752 512 834 537 sane
859 501 989 537 mirum
1014 504 1077 544 est,
1103 502 1218 537 miSsis
1243 501 1523 547 quaternionibus

322 559 341 594 I
365 558 612 600 XV—XVIII,
640 568 724 603 quos
750 559 820 593 iam
845 558 1019 602 superiore
1043 560 1159 593 aetate
1186 568 1265 593 cum
1291 568 1428 593 summa
1443 568 1523 602 pro-

323 615 504 651 babilitate
529 615 621 651 inter
647 615 840 661 deperditos
874 614 1075 658 retulimus,
1114 617 1197 661 quot
1232 615 1362 660 partim
1394 614 1524 649 litter1s

322 672 413 715 istis,
450 673 580 717 partim
606 682 748 707 numero
789 672 798 708 Ι
836 672 971 707 saeculo
1008 674 1128 707 octavo
1168 673 1337 716 adscripto
1374 671 1524 706 testibus

321 730 450 765 scimus
467 739 573 775 vagos
590 729 696 765 fuisse
710 730 862 775 integros
888 729 1130 775 quaterniones
1158 729 1210 775 (ΙΙ
1235 728 1319 764 ΧΧΙ
1348 727 1523 764 XXVIIII

320 787 491 832 XXXII),
529 789 582 822 tot
614 788 880 831 quaternionum
913 787 997 822 folia
1029 787 1144 822 media
1167 787 1260 821 inter
1284 797 1321 821 se
1345 785 1523 821 vocabulis

319 844 506 889 syllabisve
534 844 708 879 continuis
734 844 889 890 repetitis
927 843 1088 887 coniungi
1128 843 1263 888 (q.VII
1292 842 1382 877 -VIII
1416 841 1522 876 VIIII

318 901 465 947 XXXI).
493 901 569 946 Qua
587 901 729 944 ratione,
745 911 827 936 nam
844 911 925 936 casu
952 900 1039 936 illud
1065 901 1198 936 factum
1224 911 1297 936 esse
1315 898 1521 947 negaverim,

319 962 404 994 tunc
428 959 596 1003 temporis
629 959 872 1002 quaterniones
902 959 938 992 II
969 957 1053 993 XXI
1085 958 1260 993 XXVIIII
1285 957 1409 993 mediis
1435 968 1520 1001 qua-

318 1015 538 1051 ternionibus
565 1015 634 1050 VII
668 1015 755 1050 VIII
790 1015 894 1050 VIIII
933 1015 1039 1050 fuisse
1077 1016 1221 1050 insertos
1246 1016 1357 1059 atque·
1376 1013 1455 1049 inde
1479 1014 1523 1048 ab

319 1083 370 1115 eo,
397 1083 500 1117 quem
518 1072 786 1117 quaternionum
812 1073 963 1107 numeris
991 1072 1137 1107 ducibus
1163 1072 1243 1107 libri
1270 1071 1423 1106 ordinem
1450 1071 1521 1115 pri-

320 1129 453 1165 stinum
478 1129 676 1165 restituisse
702 1129 823 1173 negari
848 1129 990 1174 nequit,
1024 1130 1177 1164 remotos
1203 1127 1409 1173 sedibusque
1435 1127 1521 1172 legi-

326 1188 422 1221 timis
449 1197 519 1220 esse
547 1173 740 1220 conlocatos
768 1185 1010 1220 contenderim.

136 1260 310 1311 ⁹⁰³i⁹ii⁰³⁰¹³⁶⁵
437 1251 542 1286 Porro
568 1251 919 1296 praetermittendum
944 1261 1012 1286 non
1045 1253 1112 1294 est,
1146 1251 1317 1287 vocabula
1347 1251 1417 1286 ista
1441 1251 1521 1286 fini-

135 1295 306 1370 rzssicggpifffn
319 1310 418 1346 tuma
443 1310 732 1346 vocabulorumve
764 1308 928 1355 syllabas,
956 1308 1081 1355 quibus
1107 1309 1287 1356 exscriptis
1313 1309 1398 1345 duas
1422 1309 1520 1355 pagi-

186 1378 249 1398 sum.
316 1378 377 1402 nas
416 1378 452 1402 se
491 1367 644 1411 excipere
683 1367 862 1409 docemur,
908 1367 977 1401 nisi
1014 1368 1052 1402 in
1091 1367 1373 1411 quaternionibus
1420 1366 1519 1401 hodie

317 1424 480 1471 integris,
523 1424 553 1459 si
589 1423 736 1468 excipias
768 1422 1032 1468 quaternionem
1066 1423 1219 1467 XXVII,
1255 1424 1296 1459 de
1324 1434 1390 1469 quo
1415 1424 1519 1469 paulo

313 1482 404 1516 infra
439 1482 550 1516 fusius
589 1491 750 1526 agemus,
789 1491 856 1515 non
894 1481 1051 1516 inveniri.
1103 1482 1379 1525 Quaternionum
1411 1480 1520 1525 igitur

314 1538 520 1574 mutilorum
546 1548 656 1583 neque
683 1537 770 1573 solia
795 1539 887 1573 recte
913 1537 1082 1582 disposita
1110 1547 1181 1572 esse
1213 1538 1376 1573 videntur
1409 1547 1520 1581 neque

314 1605 464 1638 quonam
497 1594 700 1630 conlocandi
733 1596 848 1629 essent
884 1594 960 1629 loco
998 1594 1191 1629 accuratius
1229 1594 1420 1630 indicatum
1454 1596 1517 1630 est.

313 1652 369 1686 Ita
394 1650 604 1696 explicatur,
641 1651 700 1694 qui
725 1651 859 1686 factum
885 1650 948 1692 sit,
984 1652 1023 1684 ut
1049 1650 1284 1694 quaternionis
1311 1651 1413 1686 istius
1438 1661 1519 1686 con-

313 1708 390 1744 flati
418 1718 456 1743 ex
482 1707 715 1752 complurium
740 1707 1008 1752 quaternionum
1032 1706 1242 1751 quibusdam
1266 1708 1423 1752 partibus

877 1781 961 1810 xxv
1153 1817 1155 1819 ¹

512 1796 538 1989 (
628 1820 631 1905 Ι
774 1870 826 1878 ¹—-
869 1829 1055 1874 ΧὶςνιᾱἼ
1127 1848 1130 1853 .
1203 1822 1206 1900 ρ
1295 1795 1321 1986 )

558 1909 692 1912 ὴ*
774 1880 776 1914 l
837 1879 903 1907 1111
952 1878 972 1907 v
1061 1902 1062 1908 ,

569 1921 585 1944 z
667 1923 683 1943 3
764 1921 775 1944 1
853 1916 879 1944 Κ
946 1916 969 1944 L
1056 1920 1073 1945 8
1152 1920 1169 1944 6
1249 1921 1263 1945 7

551 1957 603 1982 131
649 1957 703 1981 132
747 1957 800 1982 135
861 1958 877 1982 ¹.)
940 1958 975 1983 10
1037 1957 1091 1984 138
1134 1958 1187 1983 133
1229 1957 1284 1982 134

312 2021 397 2056 folia
414 2031 454 2056 ea
472 2020 703 2066 coniungendi
721 2021 854 2055 ratione
876 2022 1034 2063 careant3
1062 2031 1143 2056 nam
1165 2021 1247 2056 licet
1272 2022 1452 2066 quaternio
1478 2032 1516 2056 ex

312 2079 361 2114 eis
387 2078 480 2113 esset
506 2077 730 2120 constitutus,
757 2077 839 2113 folia
865 2079 983 2113 tamen
1008 2089 1047 2114 ea
1073 2080 1174 2114 unius
1191 2078 1429 2123 quaternionis
1447 2088 1516 2113 non

312 2145 386 2170 esse
411 2144 584 2179 perquam
609 2134 712 2169 facile
739 2135 816 2169 erat
841 2135 1057 2180 intellegere.
1548 2140 1551 2143 ‘

129 2210 302 2262 offfffisoges
427 2203 477 2236 At
503 2201 643 2236 videtur
668 2203 825 2236 evertere
863 2203 1094 2243 sententiam,
1131 2202 1167 2236 in
1202 2212 1269 2246 qua
1303 2202 1515 2237 defendenda

168 2267 260 2290 xxvn.
316 2268 507 2301 versamur,
535 2259 715 2302 quaternio
741 2257 889 2301 XXVII,
916 2258 1014 2293 cuius
1041 2269 1253 2304 quamquam
1270 2258 1371 2293 hodie
1397 2259 1513 2294 mutili

313 2315 397 2350 folia
434 2316 469 2351 in
508 2315 663 2351 ordinem
696 2315 833 2361 digesta
871 2325 943 2350 esse
982 2315 1102 2351 tabula
1133 2315 1305 2361 superiore
1340 2315 1512 2350 docemur.

312 2372 479 2416 Quaestio
507 2371 591 2407 haec
619 2381 658 2406 eo
684 2372 795 2418 magis
820 2372 861 2406 fit
887 2372 1062 2414 intricata,
1091 2382 1169 2407 cum
1196 2371 1342 2407 conlatis
1360 2372 1513 2408 eiusdem
