1721 2727
672 154 906 190 —21...

189 258 346 302 Quadrat
393 258 517 305 igitur,
568 259 733 305 quidquid
775 261 816 296 de
858 259 1056 296 Theodardo
1071 287 1079 302 ,
1130 260 1262 296 Albrici
1311 272 1388 297 suc-

195 325 325 350 cessore
362 314 530 364 innotuit,
572 316 677 352 etiam
709 319 742 352 in
778 317 1027 353 Theatbertum
1059 309 1161 362 effi
1184 318 1390 353 dedorostat.

198 371 317 417 Neque
341 371 560 408 mediocriter
586 374 654 409 alia
679 385 715 408 re
740 374 812 409 eius
838 374 1031 410 sententiae
1057 376 1205 420 augetur
1230 373 1390 419 probabi-

196 430 298 471 litas,
341 440 408 475 qua
446 441 523 466 eum
565 432 596 467 b.
633 431 776 468 Albrico
818 433 1019 469 successisse
1057 432 1248 468 docuimus.
1298 431 1391 467 Nam

196 498 223 522 s.
251 485 471 533 Gregorium,
510 491 696 534 antequam
732 490 805 534 ipse
831 490 1010 525 ecclesiam
1037 489 1306 525 Ultraiectinam
1331 491 1392 525 ad-

196 544 461 581 ministrandam
486 546 644 591 suscepit,
672 547 756 582 item
773 546 967 584 irradiasse
982 547 1154 592 famosum
1172 546 1284 581 vicum
1301 546 1393 581 Dor-

197 601 276 635 stad
300 601 370 636 iam
395 612 497 647 supra
523 613 561 637 ex
578 613 603 648 s.
623 603 781 647 Gregorii
798 604 891 638 vitae
912 613 932 638 a
949 603 982 637 b.
1000 603 1163 649 Liutgero
1181 604 1393 648 conscriptae

193 668 225 692 -ο,
249 658 291 694 10
315 659 621 704 comprobavimus.
663 658 699 694 Si
729 659 837 704 igitur
863 660 916 695 his
940 659 1007 696 nisi
1033 661 1243 705 argumentis
1268 661 1395 696 Theat-

197 714 334 750 bertum
374 715 501 750 codicis
527 716 664 751 Liviani
689 716 953 762 subscriptorem
981 716 1125 752 eundem
1152 728 1221 752 esse
1247 717 1393 752 dicimus

197 783 298 817 quem
307 772 543 808 Theodardum
555 772 752 819 episcopum
764 773 865 809 illum
874 773 1050 817 ficticium,
1062 773 1149 809 nihil
1157 773 1301 819 impedit
1311 784 1395 819 quo-

196 831 309 865 minus
334 819 422 865 eum'
437 832 476 865 ut
502 830 637 866 Albrici
680 841 894 866 succesorem
935 833 984 866 ita
1026 841 1158 876 quoque
1193 832 1284 877 grati
1322 832 1394 866 eius

197 887 233 921 in
261 887 505 923 monasterium
531 888 831 924 Laurisheimense
857 888 966 925 animi
991 888 1153 925 heredem
1178 888 1282 925 fuisse
1308 889 1397 924 arbi-

198 946 342 987 tremur,
372 956 474 990 quem
499 945 795 982 demonstraturus
820 934 970 982 codi'cem
1004 945 1047 981 ab
1079 945 1171 991 ipso,
1210 956 1286 981 cum
1323 945 1397 990 epi-

198 1011 318 1044 scopus
335 1001 375 1036 de
391 1001 556 1036 Dorostat
573 1004 678 1045 esset,
693 1002 763 1037 iam
780 1012 974 1048 possessum
993 1003 1073 1037 ante
1090 1005 1236 1038 mortem
1255 1002 1397 1038 donavit

200 1058 419 1095 monasterio.
1330 1056 1339 1063 ”

314 1116 362 1151 Ut
395 1116 504 1161 igitur
534 1117 639 1152 totius
672 1116 947 1152 ratiocinationis
988 1117 1102 1161 capita
1137 1117 1255 1162 paucis
1293 1118 1395 1162 atque

195 1173 317 1209 ordine
342 1176 556 1218 repetamus,
583 1174 666 1209 haec
691 1174 766 1209 fere
791 1174 885 1217 sunt,
912 1184 998 1219 quae
1023 1184 1102 1209 cum
1130 1173 1246 1219 aliqua
1271 1173 1397 1218 proba-

202 1231 338 1266 bilitate
352 1233 393 1266 de
414 1231 540 1266 codicis
559 1231 694 1266 Liviani
715 1231 797 1266 fatis
815 1231 1010 1266 enucleasse
1023 1231 1123 1265 nobis
1141 1232 1316 1266 videmur:
1335 1231 1397 1267 Ab

201 1288 388 1323 Alcuino
414 1288 621 1322 donatum
648 1298 675 1322 s.
703 1288 914 1333 Liutgero
947 1298 992 1323 ex
1018 1287 1182 1334 Angli‘a
1208 1287 1398 1322 codicem

201 1345 466 1389 asportatum
492 1345 541 1380 ab
567 1355 613 1380 eo
640 1355 732 1380 esse
757 1345 800 1379 in
827 1344 1033 1387 Frisiam,
1072 1344 1144 1379 ubi
1169 1344 1213 1379 in
1239 1344 1399 1379 Theat-

201 1402 315 1436 berti
332 1399 522 1444 episcopi
539 1402 586 1436 de
600 1401 813 1436 Dorostat
833 1402 951 1436 venit
964 1411 1063 1446 poss
1077 1401 1310 1443 essionem,
1329 1401 1401 1445 qui

202 1469 294 1493 eum
320 1458 497 1493 veliam
524 1460 624 1494 ante
650 1469 805 1494 annum
833 1459 903 1494 784
920 1469 994 1504 per
1011 1457 1045 1495 b.
1064 1458 1310 1500 Albricum,
1329 1457 1401 1492 vel

201 1516 336 1552 etiam
361 1516 472 1561 ipse,
499 1516 687 1552 fortasse
713 1527 804 1552 cum
836 1516 1075 1562 episcopus
1106 1515 1254 1551 factus
1287 1517 1401 1551 esset

204 1573 551 1616 Ultraiectinus,
587 1575 685 1609 ante
712 1576 894 1609 mortem
919 1573 1193 1608 monasterio
1219 1573 1400 1608 Lauris-

203 1629 438 1676 heimensi‚
482 1640 660 1675 quocum
710 1630 905 1675 episcopi
947 1629 1242 1665 Ultraiectini
1282 1629 1402 1674 grati

204 1687 341 1722 animi
372 1688 551 1723 vinculo
591 1687 824 1722 coniuncti
850 1686 986 1722 fuisse
1019 1687 1244 1729 videntur,
1271 1685 1402 1722 dona-

205 1744 332 1779 verit.

322 1896 415 1940 Quae
432 1896 543 1931 adhuc
561 1895 815 1941 disputavimus
835 1896 876 1930 de
894 1895 1021 1930 codicis
1039 1894 1304 1940 migrationibus
1323 1904 1402 1929 cum
1415 1904 1507 1938 eomer·
1527 1910 1587 1932 qu·-

206 1954 391 1998 sufficiant,
418 1953 558 1999 quinam
584 1953 689 1989 fuerit
716 1953 843 1989 codicis
868 1963 929 1999 per
955 1963 995 1988 ea
1020 1953 1175 1997 tempora
1200 1951 1321 1994 status,
1345 1960 1403 1986 ac·
1434 1934 1566 1956 *emm*

208 2013 361 2047 curatius
385 2012 456 2047 iam
483 2013 536 2046 est
562 2011 804 2055 quaerendum.
841 2011 885 2046 Et
910 2010 941 2045 is
967 2010 1103 2055 quidem
1130 2012 1214 2054 quot
1240 2008 1404 2057 primitus

209 2068 402 2102 constiterit
432 2068 542 2108 soliis,
574 2077 784 2111 quamquam
822 2067 985 2111 temporis
1016 2065 1202 2109 iniquitate
1229 2065 1406 2108 complura

210 2124 292 2160 folia
317 2123 577 2166 interciderunt,
597 2125 784 2168 antequam
802 2122 988 2165 involucro,
1007 2121 1097 2167 quod
1114 2121 1315 2157 recentioris
1332 2130 1406 2155 esse

207 2182 333 2217 aetatis
358 2182 451 2217 infra
476 2183 673 2226 exponetur,
702 2181 936 2216 circumdatus
962 2182 1029 2222 est,
1058 2180 1176 2214 tamen
1203 2188 1270 2213 non
1296 2178 1406 2214 nesci-

207 2248 305 2280 mus;
341 2238 452 2273 adhuc
477 2238 569 2273 enim
596 2237 761 2282 adparent
792 2237 1058 2281 quaternionum
1095 2236 1248 2277 numeri,
1282 2235 1408 2279 quibus

207 2293 370 2331 librarius
396 2295 610 2342 singulorum
643 2294 908 2340 quaternionum
941 2292 1096 2328 ordinem
1130 2291 1319 2338 significari
1348 2300 1408 2326 vo-

206 2351 286 2395 luit,
314 2352 425 2387 additi
449 2352 504 2387 illi
529 2351 675 2387 ultimae
694 2351 860 2395 cuiusque
880 2350 1115 2395 quaternionis
1140 2349 1287 2395 paginae
1303 2350 1408 2395 paulo
