<?xml version="1.0" encoding="UTF-8"?>
<!DOCTYPE html PUBLIC "-//W3C//DTD XHTML 1.0 Transitional//EN"
    "http://www.w3.org/TR/xhtml1/DTD/xhtml1-transitional.dtd">
<html xmlns="http://www.w3.org/1999/xhtml" xml:lang="en" lang="en">
 <head>
  <title>
</title>
<meta http-equiv="Content-Type" content="text/html;charset=utf-8" />
  <meta name='ocr-system' content='tesseract 3.04.00' />
  <meta name='ocr-capabilities' content='ocr_page ocr_carea ocr_par ocr_line ocrx_word'/>
</head>
<body>
  <div class='ocr_page' id='page_1' title='image "4771788_0020.png"; bbox 0 0 1721 2727; ppageno 0'>
   <div class='ocr_carea' id='block_1_1' title="bbox 150 281 255 334">
    <p class='ocr_par' dir='ltr' id='par_1_1' title="bbox 150 281 255 334">
     <span class='ocr_line' id='line_1_1' title="bbox 150 281 253 316; baseline 0.01 -13"><span class='ocrx_word' id='word_1_1' title='bbox 150 281 253 316; x_wconf 72' lang='lat' dir='ltr'><strong>sontium</strong></span> 
     </span>
     <span class='ocr_line' id='line_1_2' title="bbox 231 318 255 334; baseline -0.042 0"><span class='ocrx_word' id='word_1_2' title='bbox 231 318 255 334; x_wconf 88' lang='lat' dir='ltr'><strong>m</strong></span> 
     </span>
    </p>
   </div>
   <div class='ocr_carea' id='block_1_2' title="bbox 800 173 1015 208">
    <p class='ocr_par' dir='ltr' id='par_1_2' title="bbox 800 173 1015 208">
     <span class='ocr_line' id='line_1_3' title="bbox 800 173 1015 208; baseline 0 -10"><span class='ocrx_word' id='word_1_3' title='bbox 800 173 1015 208; x_wconf 64' lang='lat'><strong>-4-</strong></span> 
     </span>
    </p>
   </div>
   <div class='ocr_carea' id='block_1_3' title="bbox 258 274 1513 2147">
    <p class='ocr_par' dir='ltr' id='par_1_3' title="bbox 258 274 1513 2147">
     <span class='ocr_line' id='line_1_4' title="bbox 419 274 1507 325; baseline 0.006 -15"><span class='ocrx_word' id='word_1_4' title='bbox 419 274 469 310; x_wconf 88' lang='lat' dir='ltr'><strong>At</strong></span> <span class='ocrx_word' id='word_1_5' title='bbox 511 274 602 311; x_wconf 82' lang='lat' dir='ltr'><strong>dicet</strong></span> <span class='ocrx_word' id='word_1_6' title='bbox 649 274 773 321; x_wconf 83' lang='lat' dir='ltr'><strong>aliquis</strong></span> <span class='ocrx_word' id='word_1_7' title='bbox 817 276 941 313; x_wconf 91' lang='lat' dir='ltr'><strong>habere</strong></span> <span class='ocrx_word' id='word_1_8' title='bbox 988 276 1026 313; x_wconf 91' lang='lat' dir='ltr'><strong>in</strong></span> <span class='ocrx_word' id='word_1_9' title='bbox 1067 277 1133 314; x_wconf 76' lang='lat' dir='ltr'><strong>hac</strong></span> <span class='ocrx_word' id='word_1_10' title='bbox 1172 278 1250 325; x_wconf 85' lang='lat' dir='ltr'><strong>lege</strong></span> <span class='ocrx_word' id='word_1_11' title='bbox 1290 279 1507 325; x_wconf 73' lang='lat' dir='ltr'><strong>exceptiones</strong></span> 
     </span>
     <span class='ocr_line' id='line_1_5' title="bbox 258 317 1505 382; baseline 0.007 -17"><span class='ocrx_word' id='word_1_12' title='bbox 258 317 280 333; x_wconf 72' lang='lat'><strong>⁸&#39;</strong></span> <span class='ocrx_word' id='word_1_13' title='bbox 303 340 438 376; x_wconf 81' lang='lat' dir='ltr'><strong>quoque</strong></span> <span class='ocrx_word' id='word_1_14' title='bbox 479 331 605 367; x_wconf 85' lang='lat' dir='ltr'><strong>locum.</strong></span> <span class='ocrx_word' id='word_1_15' title='bbox 659 333 865 379; x_wconf 78' lang='lat' dir='ltr'>Priusquam</span> <span class='ocrx_word' id='word_1_16' title='bbox 897 334 987 375; x_wconf 84' lang='lat' dir='ltr'><strong>hanc</strong></span> <span class='ocrx_word' id='word_1_17' title='bbox 1018 345 1094 372; x_wconf 89' lang='lat' dir='ltr'><strong>rem</strong></span> <span class='ocrx_word' id='word_1_18' title='bbox 1134 336 1171 371; x_wconf 92' lang='lat' dir='ltr'><strong>in</strong></span> <span class='ocrx_word' id='word_1_19' title='bbox 1213 335 1505 382; x_wconf 77' lang='lat' dir='ltr'><strong>disceptationem</strong></span> 
     </span>
     <span class='ocr_line' id='line_1_6' title="bbox 304 388 1508 440; baseline 0.006 -17"><span class='ocrx_word' id='word_1_20' title='bbox 304 388 610 434; x_wconf 82' lang='lat' dir='ltr'><strong>quaestionemque</strong></span> <span class='ocrx_word' id='word_1_21' title='bbox 636 399 816 433; x_wconf 86' lang='lat' dir='ltr'><strong>vocemus,</strong></span> <span class='ocrx_word' id='word_1_22' title='bbox 841 390 1091 436; x_wconf 86' lang='lat' dir='ltr'><strong>inquirendum</strong></span> <span class='ocrx_word' id='word_1_23' title='bbox 1121 391 1222 428; x_wconf 88' lang='lat' dir='ltr'><strong>nobis</strong></span> <span class='ocrx_word' id='word_1_24' title='bbox 1254 388 1339 436; x_wconf 76' lang='lat' dir='ltr'><strong>e&#39;rit,</strong></span> <span class='ocrx_word' id='word_1_25' title='bbox 1377 403 1399 429; x_wconf 89' lang='lat' dir='ltr'><strong>a</strong></span> <span class='ocrx_word' id='word_1_26' title='bbox 1429 395 1508 440; x_wconf 90' lang='lat' dir='ltr'><strong>qui-</strong></span> 
     </span>
     <span class='ocr_line' id='line_1_7' title="bbox 303 447 1508 492; baseline 0.004 -11"><span class='ocrx_word' id='word_1_27' title='bbox 303 447 452 481; x_wconf 91' lang='lat' dir='ltr'><strong>busnam</strong></span> <span class='ocrx_word' id='word_1_28' title='bbox 487 456 603 489; x_wconf 88' lang='lat' dir='ltr'><strong>rerum</strong></span> <span class='ocrx_word' id='word_1_29' title='bbox 640 447 869 492; x_wconf 77' lang='lat' dir='ltr'><strong>scriptoribus</strong></span> <span class='ocrx_word' id='word_1_30' title='bbox 906 448 1037 484; x_wconf 87' lang='lat' dir='ltr'><strong>formae</strong></span> <span class='ocrx_word' id='word_1_31' title='bbox 1075 448 1256 485; x_wconf 88' lang='lat' dir='ltr'><strong>nominum</strong></span> <span class='ocrx_word' id='word_1_32' title='bbox 1293 450 1508 487; x_wconf 87' lang='lat' dir='ltr'><strong>Frisicorum</strong></span> 
     </span>
     <span class='ocr_line' id='line_1_8' title="bbox 301 502 1505 552; baseline 0.006 -16"><span class='ocrx_word' id='word_1_33' title='bbox 301 502 473 548; x_wconf 84' lang='lat' dir='ltr'><strong>genuinae</strong></span> <span class='ocrx_word' id='word_1_34' title='bbox 497 504 686 539; x_wconf 78' lang='lat' dir='ltr'><strong>memoriae</strong></span> <span class='ocrx_word' id='word_1_35' title='bbox 711 504 781 539; x_wconf 92' lang='lat' dir='ltr'><strong>sint</strong></span> <span class='ocrx_word' id='word_1_36' title='bbox 812 504 981 550; x_wconf 85' lang='lat' dir='ltr'><strong>proditae.</strong></span> <span class='ocrx_word' id='word_1_37' title='bbox 1031 506 1148 550; x_wconf 86' lang='lat' dir='ltr'><strong>Atque</strong></span> <span class='ocrx_word' id='word_1_38' title='bbox 1187 516 1266 541; x_wconf 88' lang='lat' dir='ltr'><strong>cum</strong></span> <span class='ocrx_word' id='word_1_39' title='bbox 1298 517 1408 552; x_wconf 89' lang='lat' dir='ltr'><strong>neque</strong></span> <span class='ocrx_word' id='word_1_40' title='bbox 1439 508 1505 543; x_wconf 85' lang='lat' dir='ltr'><strong>lex</strong></span> 
     </span>
     <span class='ocr_line' id='line_1_9' title="bbox 302 558 1504 608; baseline 0.005 -15"><span class='ocrx_word' id='word_1_41' title='bbox 302 558 536 594; x_wconf 88' lang='lat' dir='ltr'><strong>Frisonum</strong></span> <span class='ocrx_word' id='word_1_42' title='bbox 559 569 671 604; x_wconf 92' lang='lat' dir='ltr'><strong>neque</strong></span> <span class='ocrx_word' id='word_1_43' title='bbox 696 559 786 595; x_wconf 87' lang='lat' dir='ltr'><strong>liber</strong></span> <span class='ocrx_word' id='word_1_44' title='bbox 810 561 882 603; x_wconf 89' lang='lat' dir='ltr'><strong>ille,</strong></span> <span class='ocrx_word' id='word_1_45' title='bbox 909 571 976 606; x_wconf 92' lang='lat' dir='ltr'><strong>quo</strong></span> <span class='ocrx_word' id='word_1_46' title='bbox 1001 572 1027 597; x_wconf 88' lang='lat' dir='ltr'><strong>s.</strong></span> <span class='ocrx_word' id='word_1_47' title='bbox 1047 561 1249 608; x_wconf 82' lang='lat' dir='ltr'><strong>LiutgeruS,</strong></span> <span class='ocrx_word' id='word_1_48' title='bbox 1275 563 1504 599; x_wconf 86' lang='lat' dir='ltr'><strong>oriunduset</strong></span> 
     </span>
     <span class='ocr_line' id='line_1_10' title="bbox 300 615 1506 664; baseline 0.005 -15"><span class='ocrx_word' id='word_1_49' title='bbox 300 615 373 660; x_wconf 90' lang='lat' dir='ltr'><strong>ipse</strong></span> <span class='ocrx_word' id='word_1_50' title='bbox 396 625 417 649; x_wconf 88' lang='lat' dir='ltr'><strong>a</strong></span> <span class='ocrx_word' id='word_1_51' title='bbox 440 615 625 651; x_wconf 86' lang='lat' dir='ltr'><strong>Frisonum</strong></span> <span class='ocrx_word' id='word_1_52' title='bbox 648 617 762 662; x_wconf 89' lang='lat' dir='ltr'><strong>gente,</strong></span> <span class='ocrx_word' id='word_1_53' title='bbox 789 617 823 653; x_wconf 92' lang='lat' dir='ltr'><strong>b.</strong></span> <span class='ocrx_word' id='word_1_54' title='bbox 842 616 999 663; x_wconf 84' lang='lat' dir='ltr'><strong>Gregorii</strong></span> <span class='ocrx_word' id='word_1_55' title='bbox 1024 619 1184 664; x_wconf 77' lang='lat' dir='ltr'><strong>magistri</strong></span> <span class='ocrx_word' id='word_1_56' title='bbox 1208 619 1262 654; x_wconf 92' lang='lat' dir='ltr'><strong>sui</strong></span> <span class='ocrx_word' id='word_1_57' title='bbox 1287 619 1397 655; x_wconf 85' lang='lat' dir='ltr'><strong>vitam</strong></span> <span class='ocrx_word' id='word_1_58' title='bbox 1423 629 1506 655; x_wconf 88' lang='lat' dir='ltr'><strong>con-</strong></span> 
     </span>
     <span class='ocr_line' id='line_1_11' title="bbox 299 672 1507 719; baseline 0.004 -12"><span class='ocrx_word' id='word_1_59' title='bbox 299 672 455 718; x_wconf 87' lang='lat' dir='ltr'><strong>scripsit,</strong></span> <span class='ocrx_word' id='word_1_60' title='bbox 494 672 637 709; x_wconf 91' lang='lat' dir='ltr'><strong>nomina</strong></span> <span class='ocrx_word' id='word_1_61' title='bbox 674 673 809 709; x_wconf 87' lang='lat' dir='ltr'><strong>Frisica</strong></span> <span class='ocrx_word' id='word_1_62' title='bbox 840 684 929 719; x_wconf 88' lang='lat' dir='ltr'><strong>quae</strong></span> <span class='ocrx_word' id='word_1_63' title='bbox 962 674 1030 711; x_wconf 90' lang='lat' dir='ltr'><strong>huc</strong></span> <span class='ocrx_word' id='word_1_64' title='bbox 1066 674 1195 711; x_wconf 85' lang='lat' dir='ltr'><strong>faciant</strong></span> <span class='ocrx_word' id='word_1_65' title='bbox 1233 677 1507 712; x_wconf 88' lang='lat' dir='ltr'><strong>commemorent</strong></span> 
     </span>
     <span class='ocr_line' id='line_1_12' title="bbox 299 722 1513 779; baseline 0.004 -15"><span class='ocrx_word' id='word_1_66' title='bbox 299 738 463 774; x_wconf 86' lang='lat' dir='ltr'><strong>usquam,</strong></span> <span class='ocrx_word' id='word_1_67' title='bbox 502 730 662 766; x_wconf 81' lang='lat' dir='ltr'><strong>adeunda</strong></span> <span class='ocrx_word' id='word_1_68' title='bbox 699 730 856 766; x_wconf 89' lang='lat' dir='ltr'><strong>omnium</strong></span> <span class='ocrx_word' id='word_1_69' title='bbox 886 731 999 777; x_wconf 89' lang='lat' dir='ltr'><strong>prima</strong></span> <span class='ocrx_word' id='word_1_70' title='bbox 1037 733 1104 768; x_wconf 92' lang='lat' dir='ltr'><strong>erit</strong></span> <span class='ocrx_word' id='word_1_71' title='bbox 1141 732 1252 778; x_wconf 89' lang='lat' dir='ltr'><strong>ipsius</strong></span> <span class='ocrx_word' id='word_1_72' title='bbox 1284 743 1311 768; x_wconf 94' lang='lat' dir='ltr'><strong>s.</strong></span> <span class='ocrx_word' id='word_1_73' title='bbox 1344 722 1513 779; x_wconf 60' lang='lat' dir='ltr'><strong>Liutgeri&#39;</strong></span> 
     </span>
     <span class='ocr_line' id='line_1_13' title="bbox 298 787 1503 834; baseline 0.003 -13"><span class='ocrx_word' id='word_1_74' title='bbox 298 788 387 829; x_wconf 85' lang='lat' dir='ltr'><strong>vita,</strong></span> <span class='ocrx_word' id='word_1_75' title='bbox 426 787 524 822; x_wconf 87' lang='lat' dir='ltr'><strong>cuius</strong></span> <span class='ocrx_word' id='word_1_76' title='bbox 563 788 698 823; x_wconf 88' lang='lat' dir='ltr'><strong>auctori</strong></span> <span class='ocrx_word' id='word_1_77' title='bbox 730 787 899 832; x_wconf 84' lang='lat' dir='ltr'><strong>Altfrido‚</strong></span> <span class='ocrx_word' id='word_1_78' title='bbox 939 789 998 834; x_wconf 88' lang='lat' dir='ltr'><strong>qui</strong></span> <span class='ocrx_word' id='word_1_79' title='bbox 1030 789 1084 825; x_wconf 92' lang='lat' dir='ltr'><strong>illi</strong></span> <span class='ocrx_word' id='word_1_80' title='bbox 1114 791 1193 834; x_wconf 85' lang='lat' dir='ltr'><strong>post</strong></span> <span class='ocrx_word' id='word_1_81' title='bbox 1226 790 1427 828; x_wconf 79' lang='lat' dir='ltr'><strong>Gerfridum</strong></span> <span class='ocrx_word' id='word_1_82' title='bbox 1466 791 1503 825; x_wconf 87' lang='lat' dir='ltr'><strong>iu</strong></span> 
     </span>
     <span class='ocr_line' id='line_1_14' title="bbox 298 844 1501 893; baseline 0.003 -14"><span class='ocrx_word' id='word_1_83' title='bbox 298 844 497 889; x_wconf 87' lang='lat' dir='ltr'><strong>episcopatu</strong></span> <span class='ocrx_word' id='word_1_84' title='bbox 523 847 736 880; x_wconf 86' lang='lat' dir='ltr'><strong>successerat</strong></span> <span class='ocrx_word' id='word_1_85' title='bbox 754 844 1118 892; x_wconf 86' lang='lat' dir='ltr'><strong>Mimigardefordensi</strong></span> <span class='ocrx_word' id='word_1_86' title='bbox 1133 846 1360 891; x_wconf 89' lang='lat'><strong>(839—849),</strong></span> <span class='ocrx_word' id='word_1_87' title='bbox 1378 857 1501 893; x_wconf 90' lang='lat' dir='ltr'><strong>quam-</strong></span> 
     </span>
     <span class='ocr_line' id='line_1_15' title="bbox 298 901 1504 948; baseline 0.003 -12"><span class='ocrx_word' id='word_1_88' title='bbox 298 902 350 937; x_wconf 89' lang='lat' dir='ltr'><strong>vis</strong></span> <span class='ocrx_word' id='word_1_89' title='bbox 381 901 537 946; x_wconf 88' lang='lat' dir='ltr'><strong>aequalis</strong></span> <span class='ocrx_word' id='word_1_90' title='bbox 580 912 648 937; x_wconf 91' lang='lat' dir='ltr'><strong>non</strong></span> <span class='ocrx_word' id='word_1_91' title='bbox 685 902 733 937; x_wconf 90' lang='lat' dir='ltr'><strong>sit</strong></span> <span class='ocrx_word' id='word_1_92' title='bbox 766 901 801 938; x_wconf 87' lang='lat' dir='ltr'><strong>b.</strong></span> <span class='ocrx_word' id='word_1_93' title='bbox 830 902 1009 948; x_wconf 85' lang='lat' dir='ltr'><strong>Liutgeri‚</strong></span> <span class='ocrx_word' id='word_1_94' title='bbox 1041 904 1193 939; x_wconf 85' lang='lat' dir='ltr'><strong>maxima</strong></span> <span class='ocrx_word' id='word_1_95' title='bbox 1224 905 1339 939; x_wconf 87' lang='lat' dir='ltr'><strong>tamen</strong></span> <span class='ocrx_word' id='word_1_96' title='bbox 1374 905 1410 940; x_wconf 93' lang='lat' dir='ltr'><strong>in</strong></span> <span class='ocrx_word' id='word_1_97' title='bbox 1446 904 1504 947; x_wconf 78' lang='lat' dir='ltr'><strong>iis,</strong></span> 
     </span>
     <span class='ocr_line' id='line_1_16' title="bbox 297 958 1502 1004; baseline 0.002 -11"><span class='ocrx_word' id='word_1_98' title='bbox 297 969 383 1003; x_wconf 88' lang='lat' dir='ltr'><strong>quae</strong></span> <span class='ocrx_word' id='word_1_99' title='bbox 410 958 451 993; x_wconf 86' lang='grc'><strong>(10</strong></span> <span class='ocrx_word' id='word_1_100' title='bbox 477 958 581 993; x_wconf 90' lang='lat' dir='ltr'><strong>rebus</strong></span> <span class='ocrx_word' id='word_1_101' title='bbox 606 959 871 1004; x_wconf 84' lang='lat' dir='ltr'><strong>nominibusque</strong></span> <span class='ocrx_word' id='word_1_102' title='bbox 897 959 1037 995; x_wconf 79' lang='lat' dir='ltr'><strong>Frisicis</strong></span> <span class='ocrx_word' id='word_1_103' title='bbox 1069 960 1200 1003; x_wconf 67' lang='lat' dir='ltr'><strong>refert,</strong></span> <span class='ocrx_word' id='word_1_104' title='bbox 1231 961 1317 996; x_wconf 91' lang='lat' dir='ltr'><strong>fides</strong></span> <span class='ocrx_word' id='word_1_105' title='bbox 1346 961 1502 997; x_wconf 83' lang='lat' dir='ltr'><strong>debetur.</strong></span> 
     </span>
     <span class='ocr_line' id='line_1_17' title="bbox 296 1014 1502 1063; baseline 0.002 -13"><span class='ocrx_word' id='word_1_106' title='bbox 296 1014 390 1051; x_wconf 86' lang='lat' dir='ltr'><strong>Nam</strong></span> <span class='ocrx_word' id='word_1_107' title='bbox 432 1026 511 1051; x_wconf 87' lang='lat' dir='ltr'><strong>cum</strong></span> <span class='ocrx_word' id='word_1_108' title='bbox 553 1015 749 1052; x_wconf 87' lang='lat' dir='ltr'><strong>Altfridum</strong></span> <span class='ocrx_word' id='word_1_109' title='bbox 789 1015 947 1062; x_wconf 89' lang='lat' dir='ltr'><strong>Liutgeri</strong></span> <span class='ocrx_word' id='word_1_110' title='bbox 984 1018 1145 1062; x_wconf 86' lang='lat' dir='ltr'><strong>nepotem</strong></span> <span class='ocrx_word' id='word_1_111' title='bbox 1181 1019 1287 1063; x_wconf 87' lang='lat' dir='ltr'><strong>atque</strong></span> <span class='ocrx_word' id='word_1_112' title='bbox 1323 1016 1502 1053; x_wconf 85' lang='lat' dir='ltr'><strong>Frisonem</strong></span> 
     </span>
     <span class='ocr_line' id='line_1_18' title="bbox 296 1072 1501 1119; baseline 0.001 -11"><span class='ocrx_word' id='word_1_113' title='bbox 296 1072 403 1108; x_wconf 86' lang='lat' dir='ltr'><strong>fuisse</strong></span> <span class='ocrx_word' id='word_1_114' title='bbox 435 1075 567 1109; x_wconf 85' lang='lat' dir='ltr'><strong>constet</strong></span> <span class='ocrx_word' id='word_1_115' title='bbox 598 1075 633 1108; x_wconf 85' lang='lat' dir='ltr'><strong>et</strong></span> <span class='ocrx_word' id='word_1_116' title='bbox 664 1073 740 1118; x_wconf 90' lang='lat' dir='ltr'><strong>ipse</strong></span> <span class='ocrx_word' id='word_1_117' title='bbox 772 1075 870 1109; x_wconf 79' lang='lat' dir='ltr'><strong>aetus</strong></span> <span class='ocrx_word' id='word_1_118' title='bbox 909 1073 945 1110; x_wconf 83' lang='lat' dir='ltr'><strong>S.</strong></span> <span class='ocrx_word' id='word_1_119' title='bbox 977 1072 1138 1119; x_wconf 72' lang='lat' dir='ltr'><strong>Liutqeri</strong></span> <span class='ocrx_word' id='word_1_120' title='bbox 1171 1074 1298 1109; x_wconf 81' lang='lat' dir='ltr'><strong>auditu</strong></span> <span class='ocrx_word' id='word_1_121' title='bbox 1334 1085 1369 1110; x_wconf 84' lang='lat' dir='ltr'><strong>se</strong></span> <span class='ocrx_word' id='word_1_122' title='bbox 1405 1074 1501 1109; x_wconf 71' lang='lat' dir='ltr'><strong>didi-</strong></span> 
     </span>
     <span class='ocr_line' id='line_1_19' title="bbox 296 1130 1504 1176; baseline 0.001 -11"><span class='ocrx_word' id='word_1_123' title='bbox 296 1130 381 1165; x_wconf 83' lang='lat' dir='ltr'><strong>cisse</strong></span> <span class='ocrx_word' id='word_1_124' title='bbox 413 1130 592 1173; x_wconf 75' lang='lat' dir='ltr'><strong>adfirmet,</strong></span> <span class='ocrx_word' id='word_1_125' title='bbox 628 1130 873 1165; x_wconf 70' lang='lat' dir='ltr'><strong>attestantibus</strong></span> <span class='ocrx_word' id='word_1_126' title='bbox 905 1130 982 1166; x_wconf 81' lang='lat' dir='ltr'><strong>illis</strong></span> <span class='ocrx_word' id='word_1_127' title='bbox 1012 1131 1075 1175; x_wconf 78' lang='lat' dir='ltr'><strong>qui</strong></span> <span class='ocrx_word' id='word_1_128' title='bbox 1112 1131 1156 1166; x_wconf 85' lang='lat' dir='ltr'><strong>ab</strong></span> <span class='ocrx_word' id='word_1_129' title='bbox 1192 1131 1355 1176; x_wconf 78' lang='lat' dir='ltr'><strong>infantia</strong></span> <span class='ocrx_word' id='word_1_130' title='bbox 1397 1131 1504 1166; x_wconf 81' lang='lat' dir='ltr'><strong>illum</strong></span> 
     </span>
     <span class='ocr_line' id='line_1_20' title="bbox 295 1187 1500 1233; baseline 0.001 -10"><span class='ocrx_word' id='word_1_131' title='bbox 295 1189 464 1223; x_wconf 74' lang='lat' dir='ltr'><strong>noverant</strong></span> <span class='ocrx_word' id='word_1_132' title='bbox 488 1189 591 1232; x_wconf 79' lang='lat' dir='ltr'><strong>atque</strong></span> <span class='ocrx_word' id='word_1_133' title='bbox 615 1187 658 1222; x_wconf 88' lang='lat' dir='ltr'><strong>ab</strong></span> <span class='ocrx_word' id='word_1_134' title='bbox 683 1198 719 1222; x_wconf 90' lang='lat' dir='ltr'><strong>eo</strong></span> <span class='ocrx_word' id='word_1_135' title='bbox 743 1187 873 1223; x_wconf 52' lang='lat' dir='ltr'><strong>eruditi</strong></span> <span class='ocrx_word' id='word_1_136' title='bbox 901 1188 1057 1233; x_wconf 78' lang='lat' dir='ltr'><strong>fuerant,</strong></span> <span class='ocrx_word' id='word_1_137' title='bbox 1091 1197 1160 1224; x_wconf 91' lang='lat' dir='ltr'><strong>non</strong></span> <span class='ocrx_word' id='word_1_138' title='bbox 1191 1189 1261 1231; x_wconf 86' lang='lat' dir='ltr'><strong>est,</strong></span> <span class='ocrx_word' id='word_1_139' title='bbox 1294 1198 1355 1224; x_wconf 88' lang='lat' dir='ltr'><strong>cur</strong></span> <span class='ocrx_word' id='word_1_140' title='bbox 1380 1193 1500 1224; x_wconf 85' lang='lat' dir='ltr'><strong>aucto-</strong></span> 
     </span>
     <span class='ocr_line' id='line_1_21' title="bbox 294 1244 1500 1290; baseline 0 -9"><span class='ocrx_word' id='word_1_141' title='bbox 294 1246 393 1281; x_wconf 89' lang='lat' dir='ltr'><strong>ritati</strong></span> <span class='ocrx_word' id='word_1_142' title='bbox 432 1244 505 1279; x_wconf 90' lang='lat' dir='ltr'><strong>eius</strong></span> <span class='ocrx_word' id='word_1_143' title='bbox 536 1244 641 1280; x_wconf 91' lang='lat' dir='ltr'><strong>fidem</strong></span> <span class='ocrx_word' id='word_1_144' title='bbox 679 1245 897 1290; x_wconf 88' lang='lat' dir='ltr'><strong>denegemus.</strong></span> <span class='ocrx_word' id='word_1_145' title='bbox 932 1246 1038 1281; x_wconf 89' lang='lat' dir='ltr'><strong>Porro</strong></span> <span class='ocrx_word' id='word_1_146' title='bbox 1073 1256 1154 1280; x_wconf 86' lang='lat' dir='ltr'><strong>cum</strong></span> <span class='ocrx_word' id='word_1_147' title='bbox 1188 1246 1300 1281; x_wconf 84' lang='lat' dir='ltr'><strong>altera</strong></span> <span class='ocrx_word' id='word_1_148' title='bbox 1339 1257 1365 1281; x_wconf 89' lang='grc'><strong>3.</strong></span> <span class='ocrx_word' id='word_1_149' title='bbox 1399 1247 1500 1281; x_wconf 89' lang='lat' dir='ltr'><strong>Liut-</strong></span> 
     </span>
     <span class='ocr_line' id='line_1_22' title="bbox 295 1302 1499 1349; baseline 0.001 -12"><span class='ocrx_word' id='word_1_150' title='bbox 295 1303 367 1349; x_wconf 88' lang='lat' dir='ltr'><strong>geri</strong></span> <span class='ocrx_word' id='word_1_151' title='bbox 393 1302 469 1337; x_wconf 89' lang='lat' dir='ltr'><strong>vita</strong></span> <span class='ocrx_word' id='word_1_152' title='bbox 495 1311 516 1336; x_wconf 90' lang='lat' dir='ltr'><strong>a</strong></span> <span class='ocrx_word' id='word_1_153' title='bbox 540 1304 707 1337; x_wconf 88' lang='lat' dir='ltr'><strong>monacho</strong></span> <span class='ocrx_word' id='word_1_154' title='bbox 734 1302 972 1338; x_wconf 83' lang='lat' dir='ltr'><strong>Wertbinensi</strong></span> <span class='ocrx_word' id='word_1_155' title='bbox 1004 1304 1082 1348; x_wconf 88' lang='lat' dir='ltr'><strong>post</strong></span> <span class='ocrx_word' id='word_1_156' title='bbox 1114 1312 1244 1337; x_wconf 91' lang='lat' dir='ltr'><strong>annum</strong></span> <span class='ocrx_word' id='word_1_157' title='bbox 1277 1302 1349 1338; x_wconf 87' lang='lat'><strong>864</strong></span> <span class='ocrx_word' id='word_1_158' title='bbox 1379 1313 1411 1348; x_wconf 91' lang='lat' dir='ltr'><strong>p.</strong></span> <span class='ocrx_word' id='word_1_159' title='bbox 1437 1302 1499 1339; x_wconf 84' lang='lat' dir='ltr'><strong>Ch.</strong></span> 
     </span>
     <span class='ocr_line' id='line_1_23' title="bbox 295 1358 1499 1404; baseline 0.002 -10"><span class='ocrx_word' id='word_1_160' title='bbox 295 1360 491 1404; x_wconf 88' lang='lat' dir='ltr'><strong>conscripta</strong></span> <span class='ocrx_word' id='word_1_161' title='bbox 515 1367 584 1393; x_wconf 88' lang='lat' dir='ltr'><strong>non</strong></span> <span class='ocrx_word' id='word_1_162' title='bbox 608 1360 746 1394; x_wconf 88' lang='lat' dir='ltr'><strong>tantum</strong></span> <span class='ocrx_word' id='word_1_163' title='bbox 765 1360 800 1394; x_wconf 93' lang='grc'><strong>111</strong></span> <span class='ocrx_word' id='word_1_164' title='bbox 818 1359 977 1404; x_wconf 85' lang='lat' dir='ltr'><strong>partibus</strong></span> <span class='ocrx_word' id='word_1_165' title='bbox 995 1370 1035 1394; x_wconf 86' lang='lat' dir='ltr'><strong>ex</strong></span> <span class='ocrx_word' id='word_1_166' title='bbox 1052 1358 1166 1404; x_wconf 89' lang='lat' dir='ltr'><strong>priore</strong></span> <span class='ocrx_word' id='word_1_167' title='bbox 1183 1359 1255 1394; x_wconf 88' lang='lat' dir='ltr'><strong>vita</strong></span> <span class='ocrx_word' id='word_1_168' title='bbox 1273 1360 1421 1404; x_wconf 87' lang='lat' dir='ltr'><strong>sumptis</strong></span> <span class='ocrx_word' id='word_1_169' title='bbox 1439 1362 1499 1396; x_wconf 91' lang='lat' dir='ltr'><strong>sed</strong></span> 
     </span>
     <span class='ocr_line' id='line_1_24' title="bbox 293 1416 1500 1462; baseline 0.001 -10"><span class='ocrx_word' id='word_1_170' title='bbox 293 1417 330 1453; x_wconf 91' lang='lat' dir='ltr'><strong>iu</strong></span> <span class='ocrx_word' id='word_1_171' title='bbox 368 1418 410 1452; x_wconf 88' lang='lat' dir='ltr'><strong>iis</strong></span> <span class='ocrx_word' id='word_1_172' title='bbox 450 1418 574 1461; x_wconf 89' lang='lat' dir='ltr'><strong>etiam,</strong></span> <span class='ocrx_word' id='word_1_173' title='bbox 612 1427 697 1462; x_wconf 90' lang='lat' dir='ltr'><strong>quas</strong></span> <span class='ocrx_word' id='word_1_174' title='bbox 730 1418 770 1453; x_wconf 89' lang='lat' dir='ltr'><strong>de</strong></span> <span class='ocrx_word' id='word_1_175' title='bbox 796 1427 857 1452; x_wconf 89' lang='lat' dir='ltr'><strong>suo</strong></span> <span class='ocrx_word' id='word_1_176' title='bbox 883 1416 1035 1459; x_wconf 79' lang='lat' dir='ltr'><strong>addidit,</strong></span> <span class='ocrx_word' id='word_1_177' title='bbox 1068 1426 1207 1462; x_wconf 88' lang='lat' dir='ltr'><strong>prorsus</strong></span> <span class='ocrx_word' id='word_1_178' title='bbox 1232 1416 1362 1452; x_wconf 86' lang='lat' dir='ltr'><strong>similes</strong></span> <span class='ocrx_word' id='word_1_179' title='bbox 1387 1417 1500 1453; x_wconf 89' lang='lat' dir='ltr'><strong>nomi-</strong></span> 
     </span>
     <span class='ocr_line' id='line_1_25' title="bbox 294 1473 1501 1520; baseline -0.001 -10"><span class='ocrx_word' id='word_1_180' title='bbox 294 1485 379 1510; x_wconf 89' lang='lat' dir='ltr'><strong>num</strong></span> <span class='ocrx_word' id='word_1_181' title='bbox 404 1475 623 1520; x_wconf 89' lang='lat' dir='ltr'><strong>propriorum</strong></span> <span class='ocrx_word' id='word_1_182' title='bbox 648 1475 777 1510; x_wconf 89' lang='lat' dir='ltr'><strong>formas</strong></span> <span class='ocrx_word' id='word_1_183' title='bbox 802 1474 977 1517; x_wconf 85' lang='lat' dir='ltr'><strong>exhibeat,</strong></span> <span class='ocrx_word' id='word_1_184' title='bbox 1010 1473 1130 1519; x_wconf 86' lang='lat' dir='ltr'><strong>utique</strong></span> <span class='ocrx_word' id='word_1_185' title='bbox 1154 1474 1330 1519; x_wconf 84' lang='lat' dir='ltr'><strong>linguam.</strong></span> <span class='ocrx_word' id='word_1_186' title='bbox 1363 1484 1431 1520; x_wconf 89' lang='lat' dir='ltr'><strong>qua</strong></span> <span class='ocrx_word' id='word_1_187' title='bbox 1464 1476 1501 1509; x_wconf 90' lang='lat' dir='ltr'><strong>et</strong></span> 
     </span>
     <span class='ocr_line' id='line_1_26' title="bbox 294 1530 1497 1575; baseline -0.002 -8"><span class='ocrx_word' id='word_1_188' title='bbox 294 1532 420 1567; x_wconf 84' lang='lat' dir='ltr'><strong>Franci</strong></span> <span class='ocrx_word' id='word_1_189' title='bbox 446 1533 481 1567; x_wconf 91' lang='lat' dir='ltr'><strong>et</strong></span> <span class='ocrx_word' id='word_1_190' title='bbox 506 1530 665 1574; x_wconf 72' lang='lat' dir='ltr'><strong>Saxones,</strong></span> <span class='ocrx_word' id='word_1_191' title='bbox 692 1531 752 1575; x_wconf 92' lang='lat' dir='ltr'><strong>qui</strong></span> <span class='ocrx_word' id='word_1_192' title='bbox 777 1530 869 1567; x_wconf 87' lang='lat' dir='ltr'><strong>circa</strong></span> <span class='ocrx_word' id='word_1_193' title='bbox 886 1531 1130 1566; x_wconf 90' lang='lat' dir='ltr'><strong>Wertbinense</strong></span> <span class='ocrx_word' id='word_1_194' title='bbox 1156 1532 1409 1566; x_wconf 89' lang='lat' dir='ltr'><strong>monasterium</strong></span> <span class='ocrx_word' id='word_1_195' title='bbox 1434 1531 1497 1566; x_wconf 85' lang='lat' dir='ltr'><strong>ha-</strong></span> 
     </span>
     <span class='ocr_line' id='line_1_27' title="bbox 294 1587 1495 1632; baseline -0.001 -8"><span class='ocrx_word' id='word_1_196' title='bbox 294 1589 471 1631; x_wconf 88' lang='lat' dir='ltr'><strong>bitabant,</strong></span> <span class='ocrx_word' id='word_1_197' title='bbox 515 1589 713 1630; x_wconf 86' lang='lat' dir='ltr'><strong>utebantur,</strong></span> <span class='ocrx_word' id='word_1_198' title='bbox 754 1597 774 1622; x_wconf 88' lang='lat' dir='ltr'><strong>a</strong></span> <span class='ocrx_word' id='word_1_199' title='bbox 799 1587 983 1623; x_wconf 85' lang='lat' dir='ltr'><strong>Frisonum</strong></span> <span class='ocrx_word' id='word_1_200' title='bbox 1008 1588 1127 1632; x_wconf 87' lang='lat' dir='ltr'><strong>lingua</strong></span> <span class='ocrx_word' id='word_1_201' title='bbox 1153 1597 1221 1623; x_wconf 92' lang='lat' dir='ltr'><strong>non</strong></span> <span class='ocrx_word' id='word_1_202' title='bbox 1246 1588 1400 1623; x_wconf 89' lang='lat' dir='ltr'><strong>multum</strong></span> <span class='ocrx_word' id='word_1_203' title='bbox 1427 1588 1495 1623; x_wconf 85' lang='lat' dir='ltr'><strong>dis-</strong></span> 
     </span>
     <span class='ocr_line' id='line_1_28' title="bbox 294 1644 1497 1691; baseline -0.002 -9"><span class='ocrx_word' id='word_1_204' title='bbox 294 1656 452 1691; x_wconf 88' lang='lat' dir='ltr'><strong>crepasse</strong></span> <span class='ocrx_word' id='word_1_205' title='bbox 477 1645 731 1681; x_wconf 83' lang='lat' dir='ltr'><strong>consectarium</strong></span> <span class='ocrx_word' id='word_1_206' title='bbox 757 1647 820 1680; x_wconf 86' lang='lat' dir='ltr'><strong>est.</strong></span> <span class='ocrx_word' id='word_1_207' title='bbox 864 1644 977 1689; x_wconf 84' lang='lat' dir='ltr'><strong>Quare</strong></span> <span class='ocrx_word' id='word_1_208' title='bbox 1005 1645 1231 1680; x_wconf 82' lang='lat' dir='ltr'><strong>temerarium</strong></span> <span class='ocrx_word' id='word_1_209' title='bbox 1264 1654 1331 1680; x_wconf 91' lang='lat' dir='ltr'><strong>non</strong></span> <span class='ocrx_word' id='word_1_210' title='bbox 1362 1644 1428 1679; x_wconf 90' lang='lat' dir='ltr'><strong>erit</strong></span> <span class='ocrx_word' id='word_1_211' title='bbox 1461 1645 1497 1680; x_wconf 91' lang='lat' dir='ltr'><strong>in</strong></span> 
     </span>
     <span class='ocr_line' id='line_1_29' title="bbox 292 1702 1493 1748; baseline -0.002 -9"><span class='ocrx_word' id='word_1_212' title='bbox 292 1705 474 1739; x_wconf 85' lang='lat' dir='ltr'><strong>tractanda</strong></span> <span class='ocrx_word' id='word_1_213' title='bbox 498 1704 562 1738; x_wconf 85' lang='lat' dir='ltr'><strong>hac</strong></span> <span class='ocrx_word' id='word_1_214' title='bbox 587 1704 787 1748; x_wconf 89' lang='lat' dir='ltr'><strong>quaestione</strong></span> <span class='ocrx_word' id='word_1_215' title='bbox 812 1703 920 1738; x_wconf 90' lang='lat' dir='ltr'><strong>testes</strong></span> <span class='ocrx_word' id='word_1_216' title='bbox 947 1702 1111 1737; x_wconf 85' lang='lat' dir='ltr'><strong>adhibere</strong></span> <span class='ocrx_word' id='word_1_217' title='bbox 1130 1704 1166 1737; x_wconf 91' lang='lat' dir='ltr'><strong>et</strong></span> <span class='ocrx_word' id='word_1_218' title='bbox 1183 1703 1330 1738; x_wconf 81' lang='lat' dir='ltr'><strong>alteram</strong></span> <span class='ocrx_word' id='word_1_219' title='bbox 1347 1712 1374 1737; x_wconf 92' lang='lat' dir='ltr'><strong>s.</strong></span> <span class='ocrx_word' id='word_1_220' title='bbox 1393 1702 1493 1737; x_wconf 89' lang='lat' dir='ltr'><strong>Liut-</strong></span> 
     </span>
     <span class='ocr_line' id='line_1_30' title="bbox 292 1759 1496 1809; baseline -0.002 -12"><span class='ocrx_word' id='word_1_221' title='bbox 292 1762 365 1809; x_wconf 88' lang='lat' dir='ltr'><strong>geri</strong></span> <span class='ocrx_word' id='word_1_222' title='bbox 391 1761 501 1796; x_wconf 86' lang='lat' dir='ltr'><strong>vitam</strong></span> <span class='ocrx_word' id='word_1_223' title='bbox 528 1761 562 1795; x_wconf 89' lang='lat' dir='ltr'><strong>et</strong></span> <span class='ocrx_word' id='word_1_224' title='bbox 589 1760 677 1796; x_wconf 88' lang='lat' dir='ltr'><strong>vitas</strong></span> <span class='ocrx_word' id='word_1_225' title='bbox 702 1769 731 1795; x_wconf 90' lang='lat' dir='ltr'><strong>s.</strong></span> <span class='ocrx_word' id='word_1_226' title='bbox 749 1759 941 1796; x_wconf 85' lang='lat' dir='ltr'><strong>Willehadi</strong></span> <span class='ocrx_word' id='word_1_227' title='bbox 967 1760 1010 1795; x_wconf 90' lang='lat' dir='ltr'><strong>ab</strong></span> <span class='ocrx_word' id='word_1_228' title='bbox 1037 1759 1209 1795; x_wconf 83' lang='lat' dir='ltr'><strong>Anskario</strong></span> <span class='ocrx_word' id='word_1_229' title='bbox 1234 1759 1369 1795; x_wconf 89' lang='lat' dir='ltr'><strong>saeculo</strong></span> <span class='ocrx_word' id='word_1_230' title='bbox 1392 1769 1496 1802; x_wconf 88' lang='grc'><strong>110110,</strong></span> 
     </span>
     <span class='ocr_line' id='line_1_31' title="bbox 292 1816 1495 1871; baseline -0.002 -18"><span class='ocrx_word' id='word_1_231' title='bbox 292 1829 319 1853; x_wconf 87' lang='grc'><strong>3.</strong></span> <span class='ocrx_word' id='word_1_232' title='bbox 338 1818 505 1853; x_wconf 87' lang='lat' dir='ltr'><strong>Anskarii</strong></span> <span class='ocrx_word' id='word_1_233' title='bbox 530 1817 573 1852; x_wconf 88' lang='lat' dir='ltr'><strong>ab</strong></span> <span class='ocrx_word' id='word_1_234' title='bbox 600 1816 783 1852; x_wconf 87' lang='lat' dir='ltr'><strong>Rimberto</strong></span> <span class='ocrx_word' id='word_1_235' title='bbox 810 1827 877 1851; x_wconf 91' lang='lat' dir='ltr'><strong>non</strong></span> <span class='ocrx_word' id='word_1_236' title='bbox 902 1817 1013 1851; x_wconf 86' lang='lat' dir='ltr'><strong>multo</strong></span> <span class='ocrx_word' id='word_1_237' title='bbox 1038 1820 1117 1860; x_wconf 89' lang='lat' dir='ltr'><strong>post</strong></span> <span class='ocrx_word' id='word_1_238' title='bbox 1143 1816 1309 1871; x_wconf 56' lang='lat' dir='ltr'><strong>Anslgarii</strong></span> <span class='ocrx_word' id='word_1_239' title='bbox 1335 1819 1495 1858; x_wconf 86' lang='lat' dir='ltr'><strong>mortem,</strong></span> 
     </span>
     <span class='ocr_line' id='line_1_32' title="bbox 291 1870 1494 1921; baseline -0.003 -10"><span class='ocrx_word' id='word_1_240' title='bbox 291 1875 399 1921; x_wconf 88' lang='lat' dir='ltr'><strong>ipsius</strong></span> <span class='ocrx_word' id='word_1_241' title='bbox 431 1874 604 1910; x_wconf 87' lang='lat' dir='ltr'><strong>Rimberti</strong></span> <span class='ocrx_word' id='word_1_242' title='bbox 640 1874 785 1909; x_wconf 86' lang='lat' dir='ltr'><strong>exeunte</strong></span> <span class='ocrx_word' id='word_1_243' title='bbox 825 1872 960 1908; x_wconf 89' lang='lat' dir='ltr'><strong>saeculo</strong></span> <span class='ocrx_word' id='word_1_244' title='bbox 996 1872 1129 1909; x_wconf 90' lang='lat' dir='ltr'><strong>decimo</strong></span> <span class='ocrx_word' id='word_1_245' title='bbox 1168 1870 1381 1918; x_wconf 81' lang='lat' dir='ltr'><strong>conscriptas</strong></span> <span class='ocrx_word' id='word_1_246' title='bbox 1397 1872 1423 1917; x_wconf 93' lang='lat'><strong>¹)</strong></span> <span class='ocrx_word' id='word_1_247' title='bbox 1459 1874 1494 1907; x_wconf 90' lang='lat' dir='ltr'><strong>et</strong></span> 
     </span>
     <span class='ocr_line' id='line_1_33' title="bbox 292 1929 1497 1977; baseline -0.002 -10"><span class='ocrx_word' id='word_1_248' title='bbox 292 1932 483 1977; x_wconf 89' lang='lat' dir='ltr'><strong>diplomata</strong></span> <span class='ocrx_word' id='word_1_249' title='bbox 507 1931 711 1967; x_wconf 85' lang='lat' dir='ltr'><strong>monasterii</strong></span> <span class='ocrx_word' id='word_1_250' title='bbox 736 1930 994 1967; x_wconf 86' lang='lat' dir='ltr'><strong>Werthinensis</strong></span> <span class='ocrx_word' id='word_1_251' title='bbox 1027 1930 1265 1966; x_wconf 85' lang='lat' dir='ltr'><strong>vetustissima</strong></span> <span class='ocrx_word' id='word_1_252' title='bbox 1298 1940 1337 1965; x_wconf 86' lang='lat' dir='ltr'><strong>ex</strong></span> <span class='ocrx_word' id='word_1_253' title='bbox 1373 1929 1497 1965; x_wconf 90' lang='lat' dir='ltr'><strong>libro</strong></span> 
     </span>
     <span class='ocr_line' id='line_1_34' title="bbox 292 1986 1497 2032; baseline -0.002 -9"><span class='ocrx_word' id='word_1_254' title='bbox 292 1989 557 2031; x_wconf 85' lang='lat' dir='ltr'><strong>chartarum,</strong></span> <span class='ocrx_word' id='word_1_255' title='bbox 591 1998 693 2032; x_wconf 93' lang='lat' dir='ltr'><strong>quem</strong></span> <span class='ocrx_word' id='word_1_256' title='bbox 729 1986 1000 2023; x_wconf 72' lang='lat' dir='ltr'><strong>chartularium</strong></span> <span class='ocrx_word' id='word_1_257' title='bbox 1036 1986 1274 2023; x_wconf 65' lang='lat' dir='ltr'><strong>Wertbinense</strong></span> <span class='ocrx_word' id='word_1_258' title='bbox 1299 1989 1442 2029; x_wconf 89' lang='lat' dir='ltr'><strong>vocant,</strong></span> <span class='ocrx_word' id='word_1_259' title='bbox 1474 1996 1497 2021; x_wconf 85' lang='lat' dir='ltr'><strong>a</strong></span> 
     </span>
     <span class='ocr_line' id='line_1_35' title="bbox 290 2042 1495 2092; baseline -0.002 -11"><span class='ocrx_word' id='word_1_260' title='bbox 290 2045 525 2081; x_wconf 85' lang='lat' dir='ltr'><strong>Lacombletio</strong></span> <span class='ocrx_word' id='word_1_261' title='bbox 556 2044 688 2092; x_wconf 83' lang='lat' dir='ltr'><strong>publici</strong></span> <span class='ocrx_word' id='word_1_262' title='bbox 727 2044 810 2079; x_wconf 89' lang='lat' dir='ltr'><strong>iuris</strong></span> <span class='ocrx_word' id='word_1_263' title='bbox 843 2044 936 2079; x_wconf 82' lang='lat' dir='ltr'><strong>facta</strong></span> <span class='ocrx_word' id='word_1_264' title='bbox 947 2044 994 2090; x_wconf 79' lang='lat'><strong>⁴²),</strong></span> <span class='ocrx_word' id='word_1_265' title='bbox 1027 2044 1082 2079; x_wconf 85' lang='lat' dir='ltr'><strong>cui</strong></span> <span class='ocrx_word' id='word_1_266' title='bbox 1120 2044 1256 2079; x_wconf 87' lang='lat' dir='ltr'><strong>saeculo</strong></span> <span class='ocrx_word' id='word_1_267' title='bbox 1290 2042 1495 2079; x_wconf 72' lang='lat' dir='ltr'><strong>nonoAlt-</strong></span> 
     </span>
     <span class='ocr_line' id='line_1_36' title="bbox 290 2099 1494 2147; baseline -0.002 -10"><span class='ocrx_word' id='word_1_268' title='bbox 290 2102 371 2137; x_wconf 89' lang='lat' dir='ltr'><strong>fridi</strong></span> <span class='ocrx_word' id='word_1_269' title='bbox 397 2102 543 2147; x_wconf 85' lang='lat' dir='ltr'><strong>episcopi</strong></span> <span class='ocrx_word' id='word_1_270' title='bbox 569 2102 664 2136; x_wconf 84' lang='lat' dir='ltr'><strong>iussu</strong></span> <span class='ocrx_word' id='word_1_271' title='bbox 690 2101 887 2145; x_wconf 86' lang='lat' dir='ltr'><strong>conscripta</strong></span> <span class='ocrx_word' id='word_1_272' title='bbox 919 2111 994 2136; x_wconf 90' lang='lat' dir='ltr'><strong>esse</strong></span> <span class='ocrx_word' id='word_1_273' title='bbox 1019 2100 1190 2136; x_wconf 85' lang='lat' dir='ltr'><strong>videntur.</strong></span> <span class='ocrx_word' id='word_1_274' title='bbox 1233 2099 1366 2144; x_wconf 86' lang='lat' dir='ltr'><strong>Quibus</strong></span> <span class='ocrx_word' id='word_1_275' title='bbox 1393 2101 1494 2137; x_wconf 88' lang='lat' dir='ltr'><strong>testi-</strong></span> 
     </span>
    </p>
   </div>
   <div class='ocr_carea' id='block_1_4' title="bbox 290 2198 518 2206">
    <p class='ocr_par' dir='ltr' id='par_1_4' title="bbox 290 2198 518 2206">
     <span class='ocr_line' id='line_1_37' title="bbox 290 2198 518 2206; baseline 0 0"><span class='ocrx_word' id='word_1_276' title='bbox 290 2198 518 2206; x_wconf 95' lang='lat' dir='ltr'><strong> </strong></span> 
     </span>
    </p>
   </div>
   <div class='ocr_carea' id='block_1_5' title="bbox 406 2244 1494 2283">
    <p class='ocr_par' dir='ltr' id='par_1_5' title="bbox 406 2244 1494 2283">
     <span class='ocr_line' id='line_1_38' title="bbox 406 2244 1494 2283; baseline -0.001 -8"><span class='ocrx_word' id='word_1_277' title='bbox 406 2246 429 2283; x_wconf 77' lang='lat'><strong>1)</strong></span> <span class='ocrx_word' id='word_1_278' title='bbox 452 2245 497 2276; x_wconf 85' lang='lat' dir='ltr'><strong>Cf.</strong></span> <span class='ocrx_word' id='word_1_279' title='bbox 519 2244 730 2280; x_wconf 76' lang='lat' dir='ltr'><strong>wattenbach,</strong></span> <span class='ocrx_word' id='word_1_280' title='bbox 751 2244 978 2274; x_wconf 81' lang='lat' dir='ltr'><strong>Deutschlands</strong></span> <span class='ocrx_word' id='word_1_281' title='bbox 1003 2245 1292 2282; x_wconf 77' lang='lat' dir='ltr'><strong>Geschichtsquellen</strong></span> <span class='ocrx_word' id='word_1_282' title='bbox 1311 2245 1353 2273; x_wconf 82' lang='lat' dir='ltr'><strong>im</strong></span> <span class='ocrx_word' id='word_1_283' title='bbox 1373 2245 1494 2274; x_wconf 79' lang='lat' dir='ltr'><strong>Mittel-</strong></span> 
     </span>
    </p>
   </div>
   <div class='ocr_carea' id='block_1_6' title="bbox 288 2293 1495 2378">
    <p class='ocr_par' dir='ltr' id='par_1_6' title="bbox 288 2293 1495 2378">
     <span class='ocr_line' id='line_1_39' title="bbox 288 2293 832 2331; baseline -0.002 -9"><span class='ocrx_word' id='word_1_284' title='bbox 288 2293 375 2323; x_wconf 78' lang='lat' dir='ltr'><strong>alter.</strong></span> <span class='ocrx_word' id='word_1_285' title='bbox 398 2293 510 2324; x_wconf 79' lang='lat' dir='ltr'><strong>Berlin</strong></span> <span class='ocrx_word' id='word_1_286' title='bbox 529 2295 620 2328; x_wconf 83' lang='lat'><strong>1866,</strong></span> <span class='ocrx_word' id='word_1_287' title='bbox 640 2301 668 2330; x_wconf 91' lang='lat' dir='ltr'><strong>p.</strong></span> <span class='ocrx_word' id='word_1_288' title='bbox 694 2295 747 2321; x_wconf 82' lang='lat'><strong>166</strong></span> <span class='ocrx_word' id='word_1_289' title='bbox 769 2301 832 2331; x_wconf 87' lang='lat' dir='ltr'><strong>sqq.</strong></span> 
     </span>
     <span class='ocr_line' id='line_1_40' title="bbox 405 2340 1495 2378; baseline -0.001 -7"><span class='ocrx_word' id='word_1_290' title='bbox 405 2342 428 2378; x_wconf 84' lang='lat'><strong>²)</strong></span> <span class='ocrx_word' id='word_1_291' title='bbox 450 2341 496 2371; x_wconf 84' lang='lat' dir='ltr'><strong>Cf.</strong></span> <span class='ocrx_word' id='word_1_292' title='bbox 512 2340 701 2371; x_wconf 86' lang='lat' dir='ltr'><strong>Lacomblet:</strong></span> <span class='ocrx_word' id='word_1_293' title='bbox 716 2340 1017 2371; x_wconf 78' lang='lat' dir='ltr'><strong>Niederrheinisches</strong></span> <span class='ocrx_word' id='word_1_294' title='bbox 1033 2340 1289 2371; x_wconf 79' lang='lat' dir='ltr'><strong>Urkundenbuch.</strong></span> <span class='ocrx_word' id='word_1_295' title='bbox 1300 2340 1495 2377; x_wconf 72' lang='lat' dir='ltr'><strong>Dilsseldorf,</strong></span> 
     </span>
    </p>
   </div>
   <div class='ocr_carea' id='block_1_7' title="bbox 288 2389 464 2425">
    <p class='ocr_par' dir='ltr' id='par_1_7' title="bbox 288 2389 464 2425">
     <span class='ocr_line' id='line_1_41' title="bbox 288 2389 464 2425; baseline 0 -7"><span class='ocrx_word' id='word_1_296' title='bbox 288 2391 375 2425; x_wconf 81' lang='lat'><strong>1740,</strong></span> <span class='ocrx_word' id='word_1_297' title='bbox 397 2391 419 2418; x_wconf 77' lang='lat' dir='ltr'><strong>t.</strong></span> <span class='ocrx_word' id='word_1_298' title='bbox 440 2389 464 2418; x_wconf 95' lang='lat' dir='ltr'><strong>I.</strong></span> 
     </span>
    </p>
   </div>
  </div>
 </body>
</html>
